%Query Results from the ADS Database


%Retrieved 9 abstracts, starting with number 1.  Total number selected: 9.

@ARTICLE{Greisel15,
   author = {{Greisel}, N. and {Seitz}, S. and {Drory}, N.  and {et al.}},
    title = "{Photometric redshifts and model spectral energy distributions of galaxies from the SDSS-III BOSS DR10 data}",
  journal = {\mnras},
archivePrefix = "arXiv",
   eprint = {1505.01157},
 keywords = {galaxies: distances and redshifts, galaxies: evolution},
     year = 2015,
    month = aug,
   volume = 451,
    pages = {1848-1867},
      doi = {10.1093/mnras/stv1005},
   adsurl = {http://adsabs.harvard.edu/abs/2015MNRAS.451.1848G},
  adsnote = {Provided by the SAO/NASA Astrophysics Data System}
}

@ARTICLE{Boersma14,
   author = {{Boersma}, C. and {Bregman}, J. and {Allamandola}, L.~J.},
    title = "{Properties of Polycyclic Aromatic Hydrocarbons in the Northwest Photon Dominated Region of NGC 7023. II. Traditional PAH Analysis Using k-means as a Visualization Tool}",
  journal = {\apj},
 keywords = {astrochemistry, infrared: ISM, ISM: individual objects: NGC 7023, techniques: spectroscopic},
     year = 2014,
    month = nov,
   volume = 795,
      eid = {110},
    pages = {110},
      doi = {10.1088/0004-637X/795/2/110},
   adsurl = {http://adsabs.harvard.edu/abs/2014ApJ...795..110B},
  adsnote = {Provided by the SAO/NASA Astrophysics Data System}
}

@ARTICLE{Kind14b,
   author = {{Carrasco Kind}, M. and {Brunner}, R.~J.},
    title = "{Exhausting the information: novel Bayesian combination of photometric redshift PDFs}",
  journal = {\mnras},
archivePrefix = "arXiv",
   eprint = {1403.0044},
 keywords = {methods: data analysis, methods: statistical, surveys, galaxies: distances and redshifts, galaxies: statistics},
     year = 2014,
    month = aug,
   volume = 442,
    pages = {3380-3399},
      doi = {10.1093/mnras/stu1098},
   adsurl = {http://adsabs.harvard.edu/abs/2014MNRAS.442.3380C},
  adsnote = {Provided by the SAO/NASA Astrophysics Data System}
}

@ARTICLE{Hossein14,
   author = {{Teimoorinia}, H. and {Ellison}, S.~L.},
    title = "{Artificial neural network based calibrations for the prediction of galactic [N II] {$\lambda$}6584 and H{$\alpha$} line luminosities}",
  journal = {\mnras},
archivePrefix = "arXiv",
   eprint = {1401.7384},
 keywords = {methods: data analysis, methods: statistical, catalogues, galaxies: ISM},
     year = 2014,
    month = apr,
   volume = 439,
    pages = {3526-3540},
      doi = {10.1093/mnras/stu205},
   adsurl = {http://adsabs.harvard.edu/abs/2014MNRAS.439.3526T},
  adsnote = {Provided by the SAO/NASA Astrophysics Data System}
}

@ARTICLE{Kind14a,
   author = {{Carrasco Kind}, M. and {Brunner}, R.~J.},
    title = "{SOMz: photometric redshift PDFs with self-organizing maps and random atlas}",
  journal = {\mnras},
archivePrefix = "arXiv",
   eprint = {1312.5753},
 primaryClass = "astro-ph.IM",
 keywords = {methods: data analysis, methods: statistical, surveys, galaxies: distances and redshifts, galaxies: statistics},
     year = 2014,
    month = mar,
   volume = 438,
    pages = {3409-3421},
      doi = {10.1093/mnras/stt2456},
   adsurl = {http://adsabs.harvard.edu/abs/2014MNRAS.438.3409C},
  adsnote = {Provided by the SAO/NASA Astrophysics Data System}
}

@ARTICLE{Sanders12,
   author = {{Sanders}, N.~E. and {Caldwell}, N. and {McDowell}, J. and {Harding}, P.
	},
    title = "{The Metallicity Profile of M31 from Spectroscopy of Hundreds of H II Regions and PNe}",
  journal = {\apj},
archivePrefix = "arXiv",
   eprint = {1209.2251},
 primaryClass = "astro-ph.CO",
 keywords = {galaxies: abundances, galaxies: evolution, galaxies: individual: M 31, H II regions, planetary nebulae: general},
     year = 2012,
    month = oct,
   volume = 758,
      eid = {133},
    pages = {133},
      doi = {10.1088/0004-637X/758/2/133},
   adsurl = {http://adsabs.harvard.edu/abs/2012ApJ...758..133S},
  adsnote = {Provided by the SAO/NASA Astrophysics Data System}
}

@ARTICLE{Gordon08,
   author = {{Gordon}, K.~D. and {Engelbracht}, C.~W. and {Rieke}, G.~H.  and {et al.}
	},
    title = "{The Behavior of the Aromatic Features in M101 H II Regions: Evidence for Dust Processing}",
  journal = {\apj},
archivePrefix = "arXiv",
   eprint = {0804.3223},
 keywords = {ISM: Dust, Extinction, Galaxies: Individual: Messier Number: M101, Galaxies: ISM, Galaxies: Spiral},
     year = 2008,
    month = jul,
   volume = 682,
    pages = {336-354},
      doi = {10.1086/589567},
   adsurl = {http://adsabs.harvard.edu/abs/2008ApJ...682..336G},
  adsnote = {Provided by the SAO/NASA Astrophysics Data System}
}

@ARTICLE{Smith07a,
   author = {{Smith}, J.~D.~T. and {Armus}, L. and {Dale}, D.~A. and {Roussel}, H.  and {et al.}},
    title = "{Spectral Mapping Reconstruction of Extended Sources}",
  journal = {\pasp},
archivePrefix = "arXiv",
   eprint = {0708.3745},
 keywords = {Astronomical Techniques},
     year = 2007,
    month = oct,
   volume = 119,
    pages = {1133-1144},
      doi = {10.1086/522634},
   adsurl = {http://adsabs.harvard.edu/abs/2007PASP..119.1133S},
  adsnote = {Provided by the SAO/NASA Astrophysics Data System}
}

@ARTICLE{Smith07b,
   author = {{Smith}, J.~D.~T. and {Draine}, B.~T. and {Dale}, D.~A.  and {et al.}},
    title = "{The Mid-Infrared Spectrum of Star-forming Galaxies: Global Properties of Polycyclic Aromatic Hydrocarbon Emission}",
  journal = {\apj},
   eprint = {astro-ph/0610913},
 keywords = {Galaxies: Active, Galaxies: ISM, Infrared: Galaxies, Techniques: Spectroscopic},
     year = 2007,
    month = feb,
   volume = 656,
    pages = {770-791},
      doi = {10.1086/510549},
   adsurl = {http://adsabs.harvard.edu/abs/2007ApJ...656..770S},
  adsnote = {Provided by the SAO/NASA Astrophysics Data System}
}

@ARTICLE{Kohonen82,
year={1982},
issn={0340-1200},
journal={Biological Cybernetics},
volume={43},
number={1},
doi={10.1007/BF00337288},
title={Self-organized formation of topologically correct feature maps},
url={http://dx.doi.org/10.1007/BF00337288},
publisher={Springer-Verlag},
author={Kohonen, Teuvo},
pages={59-69},
language={English}
}

@article{Kohonen98,
title = "The self-organizing map ",
journal = "Neurocomputing ",
volume = "21",
number = "1â3",
pages = "1 - 6",
year = "1998",
note = "",
issn = "0925-2312",
doi = "http://dx.doi.org/10.1016/S0925-2312(98)00030-7",
url = "http://www.sciencedirect.com/science/article/pii/S0925231298000307",
author = "Teuvo Kohonen",
keywords = "Self-organizing map",
keywords = "Learning vector quantization ",
abstract = "An overview of the self-organizing map algorithm, on which the papers in this issue are based, is presented in this article. "
}
@ARTICLE{Hossein12,
   author = {{Teimoorinia}, H.},
    title = "{Spectral Classification of Galaxies at 0.5 $\lt$= z $\lt$= 1 in the CDFS: The Artificial Neural Network Approach}",
  journal = {\aj},
 keywords = {galaxies: fundamental parameters, galaxies: high-redshift, methods: data analysis, methods: statistical},
     year = 2012,
    month = dec,
   volume = 144,
      eid = {172},
    pages = {172},
      doi = {10.1088/0004-6256/144/6/172},
   adsurl = {http://adsabs.harvard.edu/abs/2012AJ....144..172T},
  adsnote = {Provided by the SAO/NASA Astrophysics Data System}
}
@ARTICLE{Kinney96,
   author = {{Kinney}, A.~L. and {Calzetti}, D. and {Bohlin}, R.~C. and {et al.}},
    title = "{Template Ultraviolet to Near-Infrared Spectra of Star-forming Galaxies and Their Application to K-Corrections}",
  journal = {\apj},
 keywords = {GALAXIES: PHOTOMETRY, GALAXIES: STARBURST, GALAXIES: DISTANCES AND REDSHIFTS, GALAXIES: STELLAR CONTENT, GALAXIES: QUASARS: GENERAL},
     year = 1996,
    month = aug,
   volume = 467,
    pages = {38},
      doi = {10.1086/177583},
   adsurl = {http://adsabs.harvard.edu/abs/1996ApJ...467...38K},
  adsnote = {Provided by the SAO/NASA Astrophysics Data System}
}

@ARTICLE{Coleman80,
   author = {{Coleman}, G.~D. and {Wu}, C.-C. and {Weedman}, D.~W.},
    title = "{Colors and magnitudes predicted for high redshift galaxies}",
  journal = {\apjs},
 keywords = {Galactic Clusters, Hertzsprung-Russell Diagram, Red Shift, Spectral Energy Distribution, Ultraviolet Astronomy, Ultraviolet Spectra, Astronomical Photometry, Continuous Spectra, Cosmology, Elliptical Galaxies, Spiral Galaxies, Ubv Spectra, Visible Spectrum},
     year = 1980,
    month = jul,
   volume = 43,
    pages = {393-416},
      doi = {10.1086/190674},
   adsurl = {http://adsabs.harvard.edu/abs/1980ApJS...43..393C},
  adsnote = {Provided by the SAO/NASA Astrophysics Data System}
}
@ARTICLE{Dim15,
   author = {{Hemachandra}, D. and {Barmby}, P. and {Peeters}, E.  and {et al.}},
    title = "{Mid-infrared spectroscopy of the Andromeda galaxy}",
  journal = {\mnras},
archivePrefix = "arXiv",
   eprint = {1509.05781},
 keywords = {ISM: lines and bands, ISM: molecules, galaxies: individual: M31, galaxies: ISM, galaxies: nuclei, infrared: ISM},
     year = 2015,
    month = nov,
   volume = 454,
    pages = {818-830},
      doi = {10.1093/mnras/stv2001},
   adsurl = {http://adsabs.harvard.edu/abs/2015MNRAS.454..818H},
  adsnote = {Provided by the SAO/NASA Astrophysics Data System}
}
@ARTICLE{Rahmani16,
   author = {{Rahmani}, S. and {Lianou}, S. and {Barmby}, P.},
    title = "{Star formation laws in the Andromeda galaxy: gas, stars, metals and the surface density of star formation}",
  journal = {\mnras},
archivePrefix = "arXiv",
   eprint = {1512.06675},
 keywords = {methods: observational, methods: statistical, galaxies: ISM, galaxies: spiral, galaxies: star formation, galaxies: stellar content},
     year = 2016,
    month = mar,
   volume = 456,
    pages = {4128-4144},
      doi = {10.1093/mnras/stv2951},
   adsurl = {http://adsabs.harvard.edu/abs/2016MNRAS.456.4128R},
  adsnote = {Provided by the SAO/NASA Astrophysics Data System}
}
@ARTICLE{Barmby06,
   author = {{Barmby}, P. and {Ashby}, M.~L.~N. and {Bianchi}, L. and {et al.}},
    title = "{Dusty Waves on a Starry Sea: The Mid-Infrared View of M31}",
  journal = {\apjl},
   eprint = {astro-ph/0608593},
 keywords = {Galaxies: Individual: Messier Number: M31, Galaxies: ISM, Galaxies: Spiral, Galaxies: Stellar Content, Infrared: Galaxies},
     year = 2006,
    month = oct,
   volume = 650,
    pages = {L45-L49},
      doi = {10.1086/508626},
   adsurl = {http://adsabs.harvard.edu/abs/2006ApJ...650L..45B},
  adsnote = {Provided by the SAO/NASA Astrophysics Data System}
}
@article{Gordon06,
	Adsnote = {Provided by the SAO/NASA Astrophysics Data System},
	Adsurl = {http://adsabs.harvard.edu/abs/2006ApJ...638L..87G},
	Author = {{Gordon}, K.~D. and {Bailin}, J. and {Engelbracht}, C.~W. and {Rieke}, G.~H. and {et al.}},
	Doi = {10.1086/501046},
	Eprint = {astro-ph/0601314},
	Journal = {\apjl},
	Keywords = {Galaxies: Individual: Messier Number: M31, Galaxies: Individual: Messier Number: M32, Galaxies: Individual: NGC Number: NGC 205, Galaxies: ISM, Galaxies: Spiral},
	Month = feb,
	Pages = {L87-L92},
	Title = {{Spitzer MIPS Infrared Imaging of M31: Further Evidence for a Spiral-Ring Composite Structure}},
	Volume = 638,
	Year = 2006,
  adsnote = {Provided by the SAO/NASA Astrophysics Data System}
}
@article{Massey07,
	Adsnote = {Provided by the SAO/NASA Astrophysics Data System},
	Adsurl = {http://adsabs.harvard.edu/abs/2007AJ....134.2474M},
	Archiveprefix = {arXiv},
	Author = {{Massey}, P. and {McNeill}, R.~T. and {Olsen}, K.~A.~G. and {Hodge}, P.~W. and {et al.}},
	Doi = {10.1086/523658},
	Eprint = {0709.1267},
	Journal = {\aj},
	Keywords = {catalogs, galaxies: stellar content, stars: early-type, supergiants, surveys},
	Month = dec,
	Pages = {2474-2503},
	Title = {{A Survey of Local Group Galaxies Currently Forming Stars. III. A Search for Luminous Blue Variables and Other H{$\alpha$} Emission-Line Stars}},
	Volume = 134,
	Year = 2007,
  adsnote = {Provided by the SAO/NASA Astrophysics Data System}
}
@ARTICLE{Nieten06,
   author = {{Nieten}, C. and {Neininger}, N. and {Gu{\'e}lin}, M. and {Ungerechts}, H. and 
	{Lucas}, R. and {Berkhuijsen}, E.~M. and {Beck}, R. and {Wielebinski}, R.
	},
    title = "{Molecular gas in the Andromeda galaxy}",
  journal = {\aap},
   eprint = {astro-ph/0512563},
 keywords = {ISM: molecules, galaxies: individual: M 31, galaxies: ISM, galaxies: spiral, radio lines: galaxies},
     year = 2006,
    month = jul,
   volume = 453,
    pages = {459-475},
      doi = {10.1051/0004-6361:20035672},
   adsurl = {http://adsabs.harvard.edu/abs/2006A%26A...453..459N},
  adsnote = {Provided by the SAO/NASA Astrophysics Data System}
}
@ARTICLE{Chemin09,
   author = {{Chemin}, L. and {Carignan}, C. and {Foster}, T.},
  journal = {\apj},
archivePrefix = "arXiv",
   eprint = {0909.3846},
 keywords = {galaxies: fundamental parameters: mass, galaxies: individual: M31 NGC 224, galaxies: ISM, galaxies: kinematics and dynamics, galaxies: structure, Local Group},
     year = 2009,
    month = nov,
   volume = 705,
    pages = {1395-1415},
      doi = {10.1088/0004-637X/705/2/1395},
   adsurl = {http://adsabs.harvard.edu/abs/2009ApJ...705.1395C},
  adsnote = {Provided by the SAO/NASA Astrophysics Data System}
}
@ARTICLE{Draine14,
   author = {{Draine}, B.~T. and {Aniano}, G. and {Krause}, O. and {Groves}, B. and {Sandstrom}, K. and {et al.}},
    title = "{Andromeda's Dust}",
  journal = {\apj},
archivePrefix = "arXiv",
   eprint = {1306.2304},
 primaryClass = "astro-ph.CO",
 keywords = {dust, extinction, infrared: galaxies, infrared: ISM},
     year = 2014,
    month = jan,
   volume = 780,
      eid = {172},
    pages = {172},
      doi = {10.1088/0004-637X/780/2/172},
   adsurl = {http://adsabs.harvard.edu/abs/2014ApJ...780..172D},
  adsnote = {Provided by the SAO/NASA Astrophysics Data System}
}
@ARTICLE{Fritz12,
   author = {{Fritz}, J. and {Gentile}, G. and {Smith}, M.~W.~L. and {Gear}, W.~K. and {et al.}},
    title = "{The Herschel Exploitation of Local Galaxy Andromeda (HELGA). I. Global far-infrared and sub-mm morphology}",
  journal = {\aap},
archivePrefix = "arXiv",
   eprint = {1112.3348},
 primaryClass = "astro-ph.CO",
 keywords = {galaxies: individual: M 31, galaxies: ISM, infrared: ISM},
     year = 2012,
    month = oct,
   volume = 546,
      eid = {A34},
    pages = {A34},
      doi = {10.1051/0004-6361/201118619},
   adsurl = {http://adsabs.harvard.edu/abs/2012A%26A...546A..34F},
  adsnote = {Provided by the SAO/NASA Astrophysics Data System}
}

@INPROCEEDINGS{Martin05,
   author = {{Martin}, C. and {GALEX Team}},
    title = "{The Galaxy Evolution Explorer - Early Data}",
booktitle = {Maps of the Cosmos},
     year = 2005,
   series = {IAU Symposium},
   volume = 216,
   editor = {{Colless}, M. and {Staveley-Smith}, L. and {Stathakis}, R.~A.
	},
    month = jan,
    pages = {221},
   adsurl = {http://adsabs.harvard.edu/abs/2005IAUS..216..221M},
  adsnote = {Provided by the SAO/NASA Astrophysics Data System}
}
@INPROCEEDINGS{Houck04b,
   author = {{Houck}, J.~R. and {Roellig}, T.~L. and {Van Cleve}, J. and 
	{et al.}},
    title = "{The infrared spectrograph on the Spitzer Space Telescope}",
booktitle = {Optical, Infrared, and Millimeter Space Telescopes},
     year = 2004,
   series = {Society of Photo-Optical Instrumentation Engineers (SPIE) Conference Series},
   volume = 5487,
   editor = {{Mather}, J.~C.},
    month = oct,
    pages = {62-76},
      doi = {10.1117/12.550517},
   adsurl = {http://adsabs.harvard.edu/abs/2004SPIE.5487...62H},
  adsnote = {Provided by the SAO/NASA Astrophysics Data System}
}
@ARTICLE{Walter08,
   author = {{Walter}, F. and {Brinks}, E. and {de Blok}, W.~J.~G. and {Bigiel}, F. and 
	{Kennicutt}, Jr., R.~C. and {Thornley}, M.~D. and {Leroy}, A.
	},
    title = "{THINGS: The H I Nearby Galaxy Survey}",
  journal = {\aj},
archivePrefix = "arXiv",
   eprint = {0810.2125},
 keywords = {galaxies: ISM, galaxies: structure, ISM: atoms, ISM: general, radio lines: galaxies, surveys},
     year = 2008,
    month = dec,
   volume = 136,
      eid = {2563-2647},
    pages = {2563-2647},
      doi = {10.1088/0004-6256/136/6/2563},
   adsurl = {http://adsabs.harvard.edu/abs/2008AJ....136.2563W},
  adsnote = {Provided by the SAO/NASA Astrophysics Data System}
}
@ARTICLE{Helfer03,
   author = {{Helfer}, T.~T. and {Thornley}, M.~D. and {Regan}, M.~W. and 
	{et al.}},
    title = "{The BIMA Survey of Nearby Galaxies (BIMA SONG). II. The CO Data}",
  journal = {\apjs},
   eprint = {astro-ph/0304294},
 keywords = {Galaxies: ISM, Galaxies: Spiral, Radio Lines: Galaxies, Surveys, Techniques: Interferometric},
     year = 2003,
    month = apr,
   volume = 145,
    pages = {259-327},
      doi = {10.1086/346076},
   adsurl = {http://adsabs.harvard.edu/abs/2003ApJS..145..259H},
  adsnote = {Provided by the SAO/NASA Astrophysics Data System}
}
@ARTICLE{Kennicutt11,
   author = {{Kennicutt}, R.~C. and {Calzetti}, D. and {Aniano}, G. and {et al.}},
    title = "{KINGFISH -- Key Insights on Nearby Galaxies: A Far-Infrared Survey with Herschel: Survey Description and Image Atlas}",
  journal = {\pasp},
archivePrefix = "arXiv",
   eprint = {1111.4438},
 keywords = {Galaxies},
     year = 2011,
    month = dec,
   volume = 123,
    pages = {1347-1369},
      doi = {10.1086/663818},
   adsurl = {http://adsabs.harvard.edu/abs/2011PASP..123.1347K},
  adsnote = {Provided by the SAO/NASA Astrophysics Data System}
}

@ARTICLE{Dale09,
   author = {{Dale}, D.~A. and {Cohen}, S.~A. and {Johnson}, L.~C. and {Schuster}, M.~D. and 
	{et al.}},
    title = "{The Spitzer Local Volume Legacy: Survey Description and Infrared Photometry}",
  journal = {\apj},
archivePrefix = "arXiv",
   eprint = {0907.4722},
 keywords = {galaxies: photometry, infrared: galaxies, surveys},
     year = 2009,
    month = sep,
   volume = 703,
    pages = {517-556},
      doi = {10.1088/0004-637X/703/1/517},
   adsurl = {http://adsabs.harvard.edu/abs/2009ApJ...703..517D},
  adsnote = {Provided by the SAO/NASA Astrophysics Data System}
}

@ARTICLE{depaz07,
   author = {{Gil de Paz}, A. and {Boissier}, S. and {Madore}, B.~F. and 
	{et al.}},
    title = "{The GALEX Ultraviolet Atlas of Nearby Galaxies}",
  journal = {\apjs},
   eprint = {astro-ph/0606440},
 keywords = {Atlases, Galaxies: Evolution, Galaxies: Fundamental Parameters, Galaxies: Photometry, Ultraviolet: Galaxies},
     year = 2007,
    month = dec,
   volume = 173,
    pages = {185-255},
      doi = {10.1086/516636},
   adsurl = {http://adsabs.harvard.edu/abs/2007ApJS..173..185G},
  adsnote = {Provided by the SAO/NASA Astrophysics Data System}
}
@ARTICLE{Geach12,
   author = {{Geach}, J.~E.},
    title = "{Unsupervised self-organized mapping: a versatile empirical tool for object selection, classification and redshift estimation in large surveys}",
  journal = {\mnras},
archivePrefix = "arXiv",
   eprint = {1110.0005},
 primaryClass = "astro-ph.IM",
 keywords = {methods: data analysis, methods: observational, methods: statistical},
     year = 2012,
    month = jan,
   volume = 419,
    pages = {2633-2645},
      doi = {10.1111/j.1365-2966.2011.19913.x},
   adsurl = {http://adsabs.harvard.edu/abs/2012MNRAS.419.2633G},
  adsnote = {Provided by the SAO/NASA Astrophysics Data System}
}
@online{Vesanto05,
  author = {{Vesanto}, J.},
  title = {SOM implementation in SOM Toolbox},
  year = 2005,
  url = {http://www.cis.hut.fi/projects/somtoolbox/documentation/somalg.shtml},
  urldate = {2016-02-03}
}
@article{matlabtolbox,
  title={MATLAB Neural Network Toolbox™ User's Guide, MathWorks, Version 8.0. 1 (Release 2013a)},
  author={Beale, MH and Hagan, MT and Demuth, HB},
  year={2013},
  publisher={The Math-Works Inc.}
}