%Query Results from the ADS Database


%Retrieved 9 abstracts, starting with number 1.  Total number selected: 9.

@ARTICLE{Greisel15,
   author = {{Greisel}, N. and {Seitz}, S. and {Drory}, N.  and {et al.}},
    title = "{Photometric redshifts and model spectral energy distributions of galaxies from the SDSS-III BOSS DR10 data}",
  journal = {\mnras},
archivePrefix = "arXiv",
   eprint = {1505.01157},
 keywords = {galaxies: distances and redshifts, galaxies: evolution},
     year = 2015,
    month = aug,
   volume = 451,
    pages = {1848-1867},
      doi = {10.1093/mnras/stv1005},
   adsurl = {http://adsabs.harvard.edu/abs/2015MNRAS.451.1848G},
  adsnote = {Provided by the SAO/NASA Astrophysics Data System}
}

@ARTICLE{Boersma14,
   author = {{Boersma}, C. and {Bregman}, J. and {Allamandola}, L.~J.},
    title = "{Properties of Polycyclic Aromatic Hydrocarbons in the Northwest Photon Dominated Region of NGC 7023. II. Traditional PAH Analysis Using k-means as a Visualization Tool}",
  journal = {\apj},
 keywords = {astrochemistry, infrared: ISM, ISM: individual objects: NGC 7023, techniques: spectroscopic},
     year = 2014,
    month = nov,
   volume = 795,
      eid = {110},
    pages = {110},
      doi = {10.1088/0004-637X/795/2/110},
   adsurl = {http://adsabs.harvard.edu/abs/2014ApJ...795..110B},
  adsnote = {Provided by the SAO/NASA Astrophysics Data System}
}

@ARTICLE{Kind14b,
   author = {{Carrasco Kind}, M. and {Brunner}, R.~J.},
    title = "{Exhausting the information: novel Bayesian combination of photometric redshift PDFs}",
  journal = {\mnras},
archivePrefix = "arXiv",
   eprint = {1403.0044},
 keywords = {methods: data analysis, methods: statistical, surveys, galaxies: distances and redshifts, galaxies: statistics},
     year = 2014,
    month = aug,
   volume = 442,
    pages = {3380-3399},
      doi = {10.1093/mnras/stu1098},
   adsurl = {http://adsabs.harvard.edu/abs/2014MNRAS.442.3380C},
  adsnote = {Provided by the SAO/NASA Astrophysics Data System}
}

@ARTICLE{Hossein14,
   author = {{Teimoorinia}, H. and {Ellison}, S.~L.},
    title = "{Artificial neural network based calibrations for the prediction of galactic [N II] {$\lambda$}6584 and H{$\alpha$} line luminosities}",
  journal = {\mnras},
archivePrefix = "arXiv",
   eprint = {1401.7384},
 keywords = {methods: data analysis, methods: statistical, catalogues, galaxies: ISM},
     year = 2014,
    month = apr,
   volume = 439,
    pages = {3526-3540},
      doi = {10.1093/mnras/stu205},
   adsurl = {http://adsabs.harvard.edu/abs/2014MNRAS.439.3526T},
  adsnote = {Provided by the SAO/NASA Astrophysics Data System}
}

@ARTICLE{Kind14a,
   author = {{Carrasco Kind}, M. and {Brunner}, R.~J.},
    title = "{SOMz: photometric redshift PDFs with self-organizing maps and random atlas}",
  journal = {\mnras},
archivePrefix = "arXiv",
   eprint = {1312.5753},
 primaryClass = "astro-ph.IM",
 keywords = {methods: data analysis, methods: statistical, surveys, galaxies: distances and redshifts, galaxies: statistics},
     year = 2014,
    month = mar,
   volume = 438,
    pages = {3409-3421},
      doi = {10.1093/mnras/stt2456},
   adsurl = {http://adsabs.harvard.edu/abs/2014MNRAS.438.3409C},
  adsnote = {Provided by the SAO/NASA Astrophysics Data System}
}

@ARTICLE{Sanders12,
   author = {{Sanders}, N.~E. and {Caldwell}, N. and {McDowell}, J. and {Harding}, P.
	},
    title = "{The Metallicity Profile of M31 from Spectroscopy of Hundreds of H II Regions and PNe}",
  journal = {\apj},
archivePrefix = "arXiv",
   eprint = {1209.2251},
 primaryClass = "astro-ph.CO",
 keywords = {galaxies: abundances, galaxies: evolution, galaxies: individual: M 31, H II regions, planetary nebulae: general},
     year = 2012,
    month = oct,
   volume = 758,
      eid = {133},
    pages = {133},
      doi = {10.1088/0004-637X/758/2/133},
   adsurl = {http://adsabs.harvard.edu/abs/2012ApJ...758..133S},
  adsnote = {Provided by the SAO/NASA Astrophysics Data System}
}

@ARTICLE{Gordon08,
   author = {{Gordon}, K.~D. and {Engelbracht}, C.~W. and {Rieke}, G.~H.  and {et al.}
	},
    title = "{The Behavior of the Aromatic Features in M101 H II Regions: Evidence for Dust Processing}",
  journal = {\apj},
archivePrefix = "arXiv",
   eprint = {0804.3223},
 keywords = {ISM: Dust, Extinction, Galaxies: Individual: Messier Number: M101, Galaxies: ISM, Galaxies: Spiral},
     year = 2008,
    month = jul,
   volume = 682,
    pages = {336-354},
      doi = {10.1086/589567},
   adsurl = {http://adsabs.harvard.edu/abs/2008ApJ...682..336G},
  adsnote = {Provided by the SAO/NASA Astrophysics Data System}
}

@ARTICLE{Smith07a,
   author = {{Smith}, J.~D.~T. and {Armus}, L. and {Dale}, D.~A. and {Roussel}, H.  and {et al.}},
    title = "{Spectral Mapping Reconstruction of Extended Sources}",
  journal = {\pasp},
archivePrefix = "arXiv",
   eprint = {0708.3745},
 keywords = {Astronomical Techniques},
     year = 2007,
    month = oct,
   volume = 119,
    pages = {1133-1144},
      doi = {10.1086/522634},
   adsurl = {http://adsabs.harvard.edu/abs/2007PASP..119.1133S},
  adsnote = {Provided by the SAO/NASA Astrophysics Data System}
}

@ARTICLE{Smith07b,
   author = {{Smith}, J.~D.~T. and {Draine}, B.~T. and {Dale}, D.~A.  and {et al.}},
    title = "{The Mid-Infrared Spectrum of Star-forming Galaxies: Global Properties of Polycyclic Aromatic Hydrocarbon Emission}",
  journal = {\apj},
   eprint = {astro-ph/0610913},
 keywords = {Galaxies: Active, Galaxies: ISM, Infrared: Galaxies, Techniques: Spectroscopic},
     year = 2007,
    month = feb,
   volume = 656,
    pages = {770-791},
      doi = {10.1086/510549},
   adsurl = {http://adsabs.harvard.edu/abs/2007ApJ...656..770S},
  adsnote = {Provided by the SAO/NASA Astrophysics Data System}
}

@ARTICLE{Kohonen82,
year={1982},
issn={0340-1200},
journal={Biological Cybernetics},
volume={43},
number={1},
doi={10.1007/BF00337288},
title={Self-organized formation of topologically correct feature maps},
url={http://dx.doi.org/10.1007/BF00337288},
publisher={Springer-Verlag},
author={Kohonen, Teuvo},
pages={59-69},
language={English}
}

@article{Kohonen98,
title = "The self-organizing map ",
journal = "Neurocomputing ",
volume = "21",
number = "1â3",
pages = "1 - 6",
year = "1998",
note = "",
issn = "0925-2312",
doi = "http://dx.doi.org/10.1016/S0925-2312(98)00030-7",
url = "http://www.sciencedirect.com/science/article/pii/S0925231298000307",
author = "Teuvo Kohonen",
keywords = "Self-organizing map",
keywords = "Learning vector quantization ",
abstract = "An overview of the self-organizing map algorithm, on which the papers in this issue are based, is presented in this article. "
}
@ARTICLE{Hossein12,
   author = {{Teimoorinia}, H.},
    title = "{Spectral Classification of Galaxies at 0.5 $\lt$= z $\lt$= 1 in the CDFS: The Artificial Neural Network Approach}",
  journal = {\aj},
 keywords = {galaxies: fundamental parameters, galaxies: high-redshift, methods: data analysis, methods: statistical},
     year = 2012,
    month = dec,
   volume = 144,
    pages = {172},
      doi = {10.1088/0004-6256/144/6/172},
   adsurl = {http://adsabs.harvard.edu/abs/2012AJ....144..172T},
  adsnote = {Provided by the SAO/NASA Astrophysics Data System},
  shorthand = {T12},
}
@ARTICLE{Kinney96,
   author = {{Kinney}, A.~L. and {Calzetti}, D. and {Bohlin}, R.~C. and {et al.}},
    title = "{Template Ultraviolet to Near-Infrared Spectra of Star-forming Galaxies and Their Application to K-Corrections}",
  journal = {\apj},
 keywords = {GALAXIES: PHOTOMETRY, GALAXIES: STARBURST, GALAXIES: DISTANCES AND REDSHIFTS, GALAXIES: STELLAR CONTENT, GALAXIES: QUASARS: GENERAL},
     year = 1996,
    month = aug,
   volume = 467,
    pages = {38},
      doi = {10.1086/177583},
   adsurl = {http://adsabs.harvard.edu/abs/1996ApJ...467...38K},
  adsnote = {Provided by the SAO/NASA Astrophysics Data System},
  shorthand = {K96},
}

@ARTICLE{Coleman80,
   author = {{Coleman}, G.~D. and {Wu}, C.-C. and {Weedman}, D.~W.},
    title = "{Colors and magnitudes predicted for high redshift galaxies}",
  journal = {\apjs},
 keywords = {Galactic Clusters, Hertzsprung-Russell Diagram, Red Shift, Spectral Energy Distribution, Ultraviolet Astronomy, Ultraviolet Spectra, Astronomical Photometry, Continuous Spectra, Cosmology, Elliptical Galaxies, Spiral Galaxies, Ubv Spectra, Visible Spectrum},
     year = 1980,
    month = jul,
   volume = 43,
    pages = {393-416},
      doi = {10.1086/190674},
   adsurl = {http://adsabs.harvard.edu/abs/1980ApJS...43..393C},
  adsnote = {Provided by the SAO/NASA Astrophysics Data System}
}
@ARTICLE{Dim15,
   author = {{Hemachandra}, D. and {Barmby}, P. and {Peeters}, E.  and {et al.}},
    title = "{Mid-infrared spectroscopy of the Andromeda galaxy}",
  journal = {\mnras},
archivePrefix = "arXiv",
   eprint = {1509.05781},
 keywords = {ISM: lines and bands, ISM: molecules, galaxies: individual: M31, galaxies: ISM, galaxies: nuclei, infrared: ISM},
     year = 2015,
    month = nov,
   volume = 454,
    pages = {818-830},
      doi = {10.1093/mnras/stv2001},
   adsurl = {http://adsabs.harvard.edu/abs/2015MNRAS.454..818H},
  adsnote = {Provided by the SAO/NASA Astrophysics Data System}
}
@ARTICLE{Rahmani16,
   author = {{Rahmani}, S. and {Lianou}, S. and {Barmby}, P.},
    title = "{Star formation laws in the Andromeda galaxy: gas, stars, metals and the surface density of star formation}",
  journal = {\mnras},
archivePrefix = "arXiv",
   eprint = {1512.06675},
 keywords = {methods: observational, methods: statistical, galaxies: ISM, galaxies: spiral, galaxies: star formation, galaxies: stellar content},
     year = 2016,
    month = mar,
   volume = 456,
    pages = {4128-4144},
      doi = {10.1093/mnras/stv2951},
   adsurl = {http://adsabs.harvard.edu/abs/2016MNRAS.456.4128R},
  adsnote = {Provided by the SAO/NASA Astrophysics Data System}
}
@ARTICLE{Barmby06,
   author = {{Barmby}, P. and {Ashby}, M.~L.~N. and {Bianchi}, L. and {et al.}},
    title = "{Dusty Waves on a Starry Sea: The Mid-Infrared View of M31}",
  journal = {\apjl},
   eprint = {astro-ph/0608593},
 keywords = {Galaxies: Individual: Messier Number: M31, Galaxies: ISM, Galaxies: Spiral, Galaxies: Stellar Content, Infrared: Galaxies},
     year = 2006,
    month = oct,
   volume = 650,
    pages = {L45-L49},
      doi = {10.1086/508626},
   adsurl = {http://adsabs.harvard.edu/abs/2006ApJ...650L..45B},
  adsnote = {Provided by the SAO/NASA Astrophysics Data System}
}
@article{Gordon06,
	Adsnote = {Provided by the SAO/NASA Astrophysics Data System},
	Adsurl = {http://adsabs.harvard.edu/abs/2006ApJ...638L..87G},
	Author = {{Gordon}, K.~D. and {Bailin}, J. and {Engelbracht}, C.~W. and {Rieke}, G.~H. and {et al.}},
	Doi = {10.1086/501046},
	Eprint = {astro-ph/0601314},
	Journal = {\apjl},
	Keywords = {Galaxies: Individual: Messier Number: M31, Galaxies: Individual: Messier Number: M32, Galaxies: Individual: NGC Number: NGC 205, Galaxies: ISM, Galaxies: Spiral},
	Month = feb,
	Pages = {L87-L92},
	Title = {{Spitzer MIPS Infrared Imaging of M31: Further Evidence for a Spiral-Ring Composite Structure}},
	Volume = 638,
	Year = 2006,
  adsnote = {Provided by the SAO/NASA Astrophysics Data System}
}
@article{Massey07,
	Adsnote = {Provided by the SAO/NASA Astrophysics Data System},
	Adsurl = {http://adsabs.harvard.edu/abs/2007AJ....134.2474M},
	Archiveprefix = {arXiv},
	Author = {{Massey}, P. and {McNeill}, R.~T. and {Olsen}, K.~A.~G. and {Hodge}, P.~W. and {et al.}},
	Doi = {10.1086/523658},
	Eprint = {0709.1267},
	Journal = {\aj},
	Keywords = {catalogs, galaxies: stellar content, stars: early-type, supergiants, surveys},
	Month = dec,
	Pages = {2474-2503},
	Title = {{A Survey of Local Group Galaxies Currently Forming Stars. III. A Search for Luminous Blue Variables and Other H{$\alpha$} Emission-Line Stars}},
	Volume = 134,
	Year = 2007,
  adsnote = {Provided by the SAO/NASA Astrophysics Data System}
}
@ARTICLE{Nieten06,
   author = {{Nieten}, C. and {Neininger}, N. and {Gu{\'e}lin}, M. and {Ungerechts}, H. and 
	{Lucas}, R. and {Berkhuijsen}, E.~M. and {Beck}, R. and {Wielebinski}, R.
	},
    title = "{Molecular gas in the Andromeda galaxy}",
  journal = {\aap},
   eprint = {astro-ph/0512563},
 keywords = {ISM: molecules, galaxies: individual: M 31, galaxies: ISM, galaxies: spiral, radio lines: galaxies},
     year = 2006,
    month = jul,
   volume = 453,
    pages = {459-475},
      doi = {10.1051/0004-6361:20035672},
   adsurl = {http://adsabs.harvard.edu/abs/2006A%26A...453..459N},
  adsnote = {Provided by the SAO/NASA Astrophysics Data System}
}
@ARTICLE{Chemin09,
   author = {{Chemin}, L. and {Carignan}, C. and {Foster}, T.},
  journal = {\apj},
archivePrefix = "arXiv",
   eprint = {0909.3846},
 keywords = {galaxies: fundamental parameters: mass, galaxies: individual: M31 NGC 224, galaxies: ISM, galaxies: kinematics and dynamics, galaxies: structure, Local Group},
     year = 2009,
    month = nov,
   volume = 705,
    pages = {1395-1415},
      doi = {10.1088/0004-637X/705/2/1395},
   adsurl = {http://adsabs.harvard.edu/abs/2009ApJ...705.1395C},
  adsnote = {Provided by the SAO/NASA Astrophysics Data System}
}
@ARTICLE{Draine14,
   author = {{Draine}, B.~T. and {Aniano}, G. and {Krause}, O. and {Groves}, B. and {Sandstrom}, K. and {et al.}},
    title = "{Andromeda's Dust}",
  journal = {\apj},
archivePrefix = "arXiv",
   eprint = {1306.2304},
 primaryClass = "astro-ph.CO",
 keywords = {dust, extinction, infrared: galaxies, infrared: ISM},
     year = 2014,
    month = jan,
   volume = 780,
      eid = {172},
    pages = {172},
      doi = {10.1088/0004-637X/780/2/172},
   adsurl = {http://adsabs.harvard.edu/abs/2014ApJ...780..172D},
  adsnote = {Provided by the SAO/NASA Astrophysics Data System}
}
@ARTICLE{Fritz12,
   author = {{Fritz}, J. and {Gentile}, G. and {Smith}, M.~W.~L. and {Gear}, W.~K. and {et al.}},
    title = "{The Herschel Exploitation of Local Galaxy Andromeda (HELGA). I. Global far-infrared and sub-mm morphology}",
  journal = {\aap},
archivePrefix = "arXiv",
   eprint = {1112.3348},
 primaryClass = "astro-ph.CO",
 keywords = {galaxies: individual: M 31, galaxies: ISM, infrared: ISM},
     year = 2012,
    month = oct,
   volume = 546,
      eid = {A34},
    pages = {A34},
      doi = {10.1051/0004-6361/201118619},
   adsurl = {http://adsabs.harvard.edu/abs/2012A%26A...546A..34F},
  adsnote = {Provided by the SAO/NASA Astrophysics Data System}
}

@INPROCEEDINGS{Martin05,
   author = {{Martin}, C. and {GALEX Team}},
    title = "{The Galaxy Evolution Explorer - Early Data}",
booktitle = {Maps of the Cosmos},
     year = 2005,
   series = {IAU Symposium},
   volume = 216,
   editor = {{Colless}, M. and {Staveley-Smith}, L. and {Stathakis}, R.~A.
	},
    month = jan,
    pages = {221},
   adsurl = {http://adsabs.harvard.edu/abs/2005IAUS..216..221M},
  adsnote = {Provided by the SAO/NASA Astrophysics Data System}
}
@INPROCEEDINGS{Houck04b,
   author = {{Houck}, J.~R. and {Roellig}, T.~L. and {Van Cleve}, J. and 
	{et al.}},
    title = "{The infrared spectrograph on the Spitzer Space Telescope}",
booktitle = {Optical, Infrared, and Millimeter Space Telescopes},
     year = 2004,
   series = {Society of Photo-Optical Instrumentation Engineers (SPIE) Conference Series},
   volume = 5487,
   editor = {{Mather}, J.~C.},
    month = oct,
    pages = {62-76},
      doi = {10.1117/12.550517},
   adsurl = {http://adsabs.harvard.edu/abs/2004SPIE.5487...62H},
  adsnote = {Provided by the SAO/NASA Astrophysics Data System}
}
@ARTICLE{Walter08,
   author = {{Walter}, F. and {Brinks}, E. and {de Blok}, W.~J.~G. and {Bigiel}, F. and 
	{Kennicutt}, Jr., R.~C. and {Thornley}, M.~D. and {Leroy}, A.
	},
    title = "{THINGS: The H I Nearby Galaxy Survey}",
  journal = {\aj},
archivePrefix = "arXiv",
   eprint = {0810.2125},
 keywords = {galaxies: ISM, galaxies: structure, ISM: atoms, ISM: general, radio lines: galaxies, surveys},
     year = 2008,
    month = dec,
   volume = 136,
      eid = {2563-2647},
    pages = {2563-2647},
      doi = {10.1088/0004-6256/136/6/2563},
   adsurl = {http://adsabs.harvard.edu/abs/2008AJ....136.2563W},
  adsnote = {Provided by the SAO/NASA Astrophysics Data System}
}
@ARTICLE{Helfer03,
   author = {{Helfer}, T.~T. and {Thornley}, M.~D. and {Regan}, M.~W. and 
	{et al.}},
    title = "{The BIMA Survey of Nearby Galaxies (BIMA SONG). II. The CO Data}",
  journal = {\apjs},
   eprint = {astro-ph/0304294},
 keywords = {Galaxies: ISM, Galaxies: Spiral, Radio Lines: Galaxies, Surveys, Techniques: Interferometric},
     year = 2003,
    month = apr,
   volume = 145,
    pages = {259-327},
      doi = {10.1086/346076},
   adsurl = {http://adsabs.harvard.edu/abs/2003ApJS..145..259H},
  adsnote = {Provided by the SAO/NASA Astrophysics Data System}
}
@ARTICLE{Kennicutt11,
   author = {{Kennicutt}, R.~C. and {Calzetti}, D. and {Aniano}, G. and {et al.}},
    title = "{KINGFISH -- Key Insights on Nearby Galaxies: A Far-Infrared Survey with Herschel: Survey Description and Image Atlas}",
  journal = {\pasp},
archivePrefix = "arXiv",
   eprint = {1111.4438},
 keywords = {Galaxies},
     year = 2011,
    month = dec,
   volume = 123,
    pages = {1347-1369},
      doi = {10.1086/663818},
   adsurl = {http://adsabs.harvard.edu/abs/2011PASP..123.1347K},
  adsnote = {Provided by the SAO/NASA Astrophysics Data System}
}

@ARTICLE{Dale09,
   author = {{Dale}, D.~A. and {Cohen}, S.~A. and {Johnson}, L.~C. and {Schuster}, M.~D. and 
	{et al.}},
    title = "{The Spitzer Local Volume Legacy: Survey Description and Infrared Photometry}",
  journal = {\apj},
archivePrefix = "arXiv",
   eprint = {0907.4722},
 keywords = {galaxies: photometry, infrared: galaxies, surveys},
     year = 2009,
    month = sep,
   volume = 703,
    pages = {517-556},
      doi = {10.1088/0004-637X/703/1/517},
   adsurl = {http://adsabs.harvard.edu/abs/2009ApJ...703..517D},
  adsnote = {Provided by the SAO/NASA Astrophysics Data System}
}

@ARTICLE{depaz07,
   author = {{Gil de Paz}, A. and {Boissier}, S. and {Madore}, B.~F. and 
	{et al.}},
    title = "{The GALEX Ultraviolet Atlas of Nearby Galaxies}",
  journal = {\apjs},
   eprint = {astro-ph/0606440},
 keywords = {Atlases, Galaxies: Evolution, Galaxies: Fundamental Parameters, Galaxies: Photometry, Ultraviolet: Galaxies},
     year = 2007,
    month = dec,
   volume = 173,
    pages = {185-255},
      doi = {10.1086/516636},
   adsurl = {http://adsabs.harvard.edu/abs/2007ApJS..173..185G},
  adsnote = {Provided by the SAO/NASA Astrophysics Data System}
}
@ARTICLE{Geach12,
   author = {{Geach}, J.~E.},
    title = "{Unsupervised self-organized mapping: a versatile empirical tool for object selection, classification and redshift estimation in large surveys}",
  journal = {\mnras},
archivePrefix = "arXiv",
   eprint = {1110.0005},
 primaryClass = "astro-ph.IM",
 keywords = {methods: data analysis, methods: observational, methods: statistical},
     year = 2012,
    month = jan,
   volume = 419,
    pages = {2633-2645},
      doi = {10.1111/j.1365-2966.2011.19913.x},
   adsurl = {http://adsabs.harvard.edu/abs/2012MNRAS.419.2633G},
  adsnote = {Provided by the SAO/NASA Astrophysics Data System}
}

%PB20160603: not sure this is the right way to cite this
%SR: Better?
@misc{Vesanto05,
  author = {{Vesanto}, J.},
  title = "{SOM implementation in SOM Toolbox}",
  year = 2005,
  howpublished = "\url{http://www.cis.hut.fi/projects/somtoolbox/documentation/somalg.shtml}(accessed MARCH 2, 2016)",
  note ="(accessed MARCH 2, 2016)"
}
@article{matlabtolbox,
  title={MATLAB Neural Network Toolbox™ User's Guide, MathWorks, Version 8.0. 1 (Release 2013a)},
  author={Beale, MH and Hagan, MT and Demuth, HB},
  year={2013},
  publisher={The Math-Works Inc.}
}

@ARTICLE{2011A&A...529A..22B,
   author = {{Buat}, V. and {Giovannoli}, E. and {Takeuchi}, T.~T. and {Heinis}, S. and 
	{Yuan}, F.-T. and {Burgarella}, D. and {Noll}, S. and {Iglesias-P{\'a}ramo}, J.
	},
    title = "{Spectral energy distributions of an AKARI-SDSS-GALEX sample of galaxies}",
  journal = {\aap},
archivePrefix = "arXiv",
   eprint = {1102.1571},
 keywords = {galaxies: star formation, dust, extinction, infrared: galaxies, ultraviolet: galaxies},
     year = 2011,
    month = may,
   volume = 529,
      eid = {A22},
    pages = {A22},
      doi = {10.1051/0004-6361/201015944},
   adsurl = {http://adsabs.harvard.edu/abs/2011A%26A...529A..22B},
  adsnote = {Provided by the SAO/NASA Astrophysics Data System}
}

@ARTICLE{2011ApJ...730...61K,
   author = {{Karim}, A. and {Schinnerer}, E. and {Mart{\'{\i}}nez-Sansigre}, A. and 
	{Sargent}, M.~T. and {van der Wel}, A. and {Rix}, H.-W. and 
	{Ilbert}, O. and {Smol{\v c}i{\'c}}, V. and {Carilli}, C. and 
	{Pannella}, M. and {Koekemoer}, A.~M. and {Bell}, E.~F. and 
	{Salvato}, M.},
    title = "{The Star Formation History of Mass-selected Galaxies in the COSMOS Field}",
  journal = {\apj},
archivePrefix = "arXiv",
   eprint = {1011.6370},
 keywords = {galaxies: evolution, galaxies: star formation, radio continuum: galaxies, surveys},
     year = 2011,
    month = apr,
   volume = 730,
      eid = {61},
    pages = {61},
      doi = {10.1088/0004-637X/730/2/61},
   adsurl = {http://adsabs.harvard.edu/abs/2011ApJ...730...61K},
  adsnote = {Provided by the SAO/NASA Astrophysics Data System}
}

@ARTICLE{2010A&A...512A..12B,
   author = {{Balestra}, I. and {Mainieri}, V. and {Popesso}, P. and {Dickinson}, M. and 
	{Nonino}, M. and {Rosati}, P. and {Teimoorinia}, H. and {Vanzella}, E. and 
	{Cristiani}, S. and {Cesarsky}, C. and {Fosbury}, R.~A.~E. and 
	{Kuntschner}, H. and {Rettura}, A.},
    title = "{The Great Observatories Origins Deep Survey. VLT/VIMOS spectroscopy in the GOODS-south field: Part II}",
  journal = {\aap},
archivePrefix = "arXiv",
   eprint = {1001.1115},
 keywords = {large scale structure of Universe, catalogs, surveys, galaxies: evolution, galaxies: high-redshift, cosmology: observations},
     year = 2010,
    month = mar,
   volume = 512,
      eid = {A12},
    pages = {A12},
      doi = {10.1051/0004-6361/200913626},
   adsurl = {http://adsabs.harvard.edu/abs/2010A%26A...512A..12B},
  adsnote = {Provided by the SAO/NASA Astrophysics Data System}
}

@ARTICLE{2010A&A...510A.109R,
   author = {{Raiter}, A. and {Fosbury}, R.~A.~E. and {Teimoorinia}, H.},
    title = "{Ly{$\alpha$} emitters in the GOODS-S field. A powerful pure nebular SED with N IV] emission at z = 5.563}",
  journal = {\aap},
archivePrefix = "arXiv",
   eprint = {0912.4305},
 keywords = {early Universe, Galaxy: formation, galaxies: photometry, galaxies: starburst, galaxies: stellar content, ISM: abundances},
     year = 2010,
    month = feb,
   volume = 510,
      eid = {A109},
    pages = {A109},
      doi = {10.1051/0004-6361/200912429},
   adsurl = {http://adsabs.harvard.edu/abs/2010A%26A...510A.109R},
  adsnote = {Provided by the SAO/NASA Astrophysics Data System}
}

@ARTICLE{Noll09,
   author = {{Noll}, S. and {Burgarella}, D. and {Giovannoli}, E. and {Buat}, V. and 
	{Marcillac}, D. and {Mu{\~n}oz-Mateos}, J.~C.},
    title = "{Analysis of galaxy spectral energy distributions from far-UV to far-IR with CIGALE: studying a SINGS test sample}",
  journal = {\aap},
archivePrefix = "arXiv",
   eprint = {0909.5439},
 keywords = {methods: data analysis, galaxies: fundamental parameters, galaxies: stellar content, galaxies: ISM, ultraviolet: galaxies, infrared: galaxies},
     year = 2009,
    month = dec,
   volume = 507,
    pages = {1793-1813},
      doi = {10.1051/0004-6361/200912497},
   adsurl = {http://adsabs.harvard.edu/abs/2009A%26A...507.1793N},
  adsnote = {Provided by the SAO/NASA Astrophysics Data System},
shorthand = {N09}
}

@ARTICLE{2009MNRAS.398..451M,
   author = {{Moll{\'a}}, M. and {Garc{\'{\i}}a-Vargas}, M.~L. and {Bressan}, A.
	},
    title = "{PopStar I: evolutionary synthesis model description}",
  journal = {\mnras},
archivePrefix = "arXiv",
   eprint = {0905.3664},
 keywords = {galaxies: abundances , galaxies: evolution , galaxies: starburst , galaxies: stellar content},
     year = 2009,
    month = sep,
   volume = 398,
    pages = {451-470},
      doi = {10.1111/j.1365-2966.2009.15160.x},
   adsurl = {http://adsabs.harvard.edu/abs/2009MNRAS.398..451M},
  adsnote = {Provided by the SAO/NASA Astrophysics Data System}
}

@ARTICLE{Santini09,
   author = {{Santini}, P. and {Fontana}, A. and {Grazian}, A. and {Salimbeni}, S. and 
	{Fiore}, F. and {Fontanot}, F. and {Boutsia}, K. and {Castellano}, M. and 
	{Cristiani}, S. and {de Santis}, C. and {Gallozzi}, S. and {Giallongo}, E. and 
	{Menci}, N. and {Nonino}, M. and {Paris}, D. and {Pentericci}, L. and 
	{Vanzella}, E.},
    title = "{Star formation and mass assembly in high redshift galaxies}",
  journal = {\aap},
archivePrefix = "arXiv",
   eprint = {0905.0683},
 keywords = {galaxies: evolution, galaxies: high-redshift, galaxies: fundamental parameters, galaxies: photometry, galaxies: starburst},
     year = 2009,
    month = sep,
   volume = 504,
    pages = {751-767},
      doi = {10.1051/0004-6361/200811434},
   adsurl = {http://adsabs.harvard.edu/abs/2009A%26A...504..751S},
  adsnote = {Provided by the SAO/NASA Astrophysics Data System}
}

@INPROCEEDINGS{2009AIPC.1111...67C,
   author = {{Coelho}, P.},
    title = "{Spectral libraries and their uncertainties}",
 keywords = {Accretion and accretion disks, Star formation, Dark matter},
booktitle = {American Institute of Physics Conference Series},
     year = 2009,
   series = {American Institute of Physics Conference Series},
   volume = 1111,
archivePrefix = "arXiv",
   eprint = {0906.1020},
 primaryClass = "astro-ph.SR",
   editor = {{Giobbi}, G. and {Tornambe}, A. and {Raimondo}, G. and {Limongi}, M. and 
	{Antonelli}, L.~A. and {Menci}, N. and {Brocato}, E.},
    month = may,
    pages = {67-74},
      doi = {10.1063/1.3141624},
   adsurl = {http://adsabs.harvard.edu/abs/2009AIPC.1111...67C},
  adsnote = {Provided by the SAO/NASA Astrophysics Data System}
}

@ARTICLE{2009ApJ...690..937D,
   author = {{Damen}, M. and {Labb{\'e}}, I. and {Franx}, M. and {van Dokkum}, P.~G. and 
	{Taylor}, E.~N. and {Gawiser}, E.~J.},
    title = "{The Evolution of the Specific Star Formation Rate of Massive Galaxies to z \~{} 1.8 in the Extended Chandra Deep Field South}",
  journal = {\apj},
archivePrefix = "arXiv",
   eprint = {0809.1426},
 keywords = {galaxies: evolution, galaxies: formation, galaxies: high-redshift, infrared: galaxies},
     year = 2009,
    month = jan,
   volume = 690,
    pages = {937-943},
      doi = {10.1088/0004-637X/690/1/937},
   adsurl = {http://adsabs.harvard.edu/abs/2009ApJ...690..937D},
  adsnote = {Provided by the SAO/NASA Astrophysics Data System}
}

@ARTICLE{2008A&A...492L..13B,
   author = {{Bazarghan}, M. and {Safari}, H. and {Innes}, D.~E. and {Karami}, E. and 
	{Solanki}, S.~K.},
    title = "{A nanoflare model for active region radiance: application of artificial neural networks}",
  journal = {\aap},
archivePrefix = "arXiv",
   eprint = {0808.3925},
 keywords = {Sun: activity, Sun: flares, Sun: UV radiation},
     year = 2008,
    month = dec,
   volume = 492,
    pages = {L13-L16},
      doi = {10.1051/0004-6361:200810911},
   adsurl = {http://adsabs.harvard.edu/abs/2008A%26A...492L..13B},
  adsnote = {Provided by the SAO/NASA Astrophysics Data System}
}

@ARTICLE{2008A&A...486..165L,
   author = {{Lan{\c c}on}, A. and {Gallagher}, III, J.~S. and {Mouhcine}, M. and 
	{Smith}, L.~J. and {Ladjal}, D. and {de Grijs}, R.},
    title = "{Near-infra-red spectroscopic ages of massive star clusters in M 82}",
  journal = {\aap},
archivePrefix = "arXiv",
   eprint = {0812.4888},
 keywords = {galaxies: individual: M 82, galaxies: star clusters, galaxies: stellar content, galaxies: starburst, infrared: galaxies, stars: supergiants},
     year = 2008,
    month = jul,
   volume = 486,
    pages = {165-176},
      doi = {10.1051/0004-6361:200809439},
   adsurl = {http://adsabs.harvard.edu/abs/2008A%26A...486..165L},
  adsnote = {Provided by the SAO/NASA Astrophysics Data System}
}

@ARTICLE{Vanzella08,
   author = {{Vanzella}, E. and {Cristiani}, S. and {Dickinson}, M. and {Giavalisco}, M. and 
	{Kuntschner}, H. and {Haase}, J. and {Nonino}, M.  and {GOODS Team}},
    title = "{The great observatories origins deep survey. VLT/FORS2 spectroscopy in the GOODS-South field: Part III}",
  journal = {\aap},
archivePrefix = "arXiv",
   eprint = {0711.0850},
 keywords = {cosmology: observations, cosmology: large scale, structure of the universe, galaxies: evolution},
     year = 2008,
    month = jan,
   volume = 478,
    pages = {83-92},
      doi = {10.1051/0004-6361:20078332},
   adsurl = {http://adsabs.harvard.edu/abs/2008A%26A...478...83V},
  adsnote = {Provided by the SAO/NASA Astrophysics Data System}
}

@ARTICLE{Vanzella06,
   author = {{Vanzella}, E. and {Cristiani}, S. and {Dickinson}, M. and {GOODS Team}
	},
    title = "{The great observatories origins deep survey. VLT/FORS2 spectroscopy in the GOODS-South Field: Part II}",
  journal = {\aap},
   eprint = {astro-ph/0601367},
 keywords = {cosmology: observations, cosmology: large scale structure of Universe, Galaxy: general},
     year = 2006,
    month = aug,
   volume = 454,
    pages = {423-435},
      doi = {10.1051/0004-6361:20054796},
   adsurl = {http://adsabs.harvard.edu/abs/2006A%26A...454..423V},
  adsnote = {Provided by the SAO/NASA Astrophysics Data System}
}

@ARTICLE{2005MNRAS.362..799M,
   author = {{Maraston}, C.},
    title = "{Evolutionary population synthesis: models, analysis of the ingredients and application to high-z galaxies}",
  journal = {\mnras},
   eprint = {astro-ph/0410207},
 keywords = {stars: AGB and post-AGB, stars: evolution, galaxies: evolution, galaxies: stellar content, cosmology: early Universe},
     year = 2005,
    month = sep,
   volume = 362,
    pages = {799-825},
      doi = {10.1111/j.1365-2966.2005.09270.x},
   adsurl = {http://adsabs.harvard.edu/abs/2005MNRAS.362..799M},
  adsnote = {Provided by the SAO/NASA Astrophysics Data System}
}

@ARTICLE{Vanzella05,
   author = {{Vanzella}, E. and {Cristiani}, S. and {Dickinson}, M. and {GOODS Team}},
    title = "{The Great Observatories Origins Deep Survey. VLT/FORS2 spectroscopy in the GOODS-South Field}",
  journal = {\aap},
   eprint = {astro-ph/0406591},
 keywords = {cosmology: observations, cosmology: large-scale structure of Universe, galaxies: evolution},
     year = 2005,
    month = apr,
   volume = 434,
    pages = {53-65},
      doi = {10.1051/0004-6361:20041532},
   adsurl = {http://adsabs.harvard.edu/abs/2005A%26A...434...53V},
  adsnote = {Provided by the SAO/NASA Astrophysics Data System}
}

@ARTICLE{2005ApJ...621L..89B,
   author = {{Bauer}, A.~E. and {Drory}, N. and {Hill}, G.~J. and {Feulner}, G.
	},
    title = "{Specific Star Formation Rates to Redshift 1.5}",
  journal = {\apjl},
   eprint = {astro-ph/0412358},
 keywords = {Galaxies: Evolution, Galaxies: Stellar Content, Surveys},
     year = 2005,
    month = mar,
   volume = 621,
    pages = {L89-L92},
      doi = {10.1086/429289},
   adsurl = {http://adsabs.harvard.edu/abs/2005ApJ...621L..89B},
  adsnote = {Provided by the SAO/NASA Astrophysics Data System}
}

@INPROCEEDINGS{2004AAS...205.9406G,
   author = {{Gregg}, M.~D. and {Silva}, D. and {Rayner}, J. and {Valdes}, F. and 
	{Worthey}, G. and {Pickles}, A. and {Rose}, J.~A. and {Vacca}, W. and 
	{Carney}, B.},
    title = "{The HST/STIS Next Generation Spectral Library}",
booktitle = {American Astronomical Society Meeting Abstracts},
     year = 2004,
   series = {Bulletin of the American Astronomical Society},
   volume = 36,
    month = dec,
      eid = {94.06},
    pages = {1496},
   adsurl = {http://adsabs.harvard.edu/abs/2004AAS...205.9406G},
  adsnote = {Provided by the SAO/NASA Astrophysics Data System}
}

@ARTICLE{2004MNRAS.351.1151B,
   author = {{Brinchmann}, J. and {Charlot}, S. and {White}, S.~D.~M. and 
	{Tremonti}, C. and {Kauffmann}, G. and {Heckman}, T. and {Brinkmann}, J.
	},
    title = "{The physical properties of star-forming galaxies in the low-redshift Universe}",
  journal = {\mnras},
   eprint = {astro-ph/0311060},
 keywords = {surveys, galaxies: abundances, galaxies: evolution, galaxies: fundamental parameters, galaxies: general},
     year = 2004,
    month = jul,
   volume = 351,
    pages = {1151-1179},
      doi = {10.1111/j.1365-2966.2004.07881.x},
   adsurl = {http://adsabs.harvard.edu/abs/2004MNRAS.351.1151B},
  adsnote = {Provided by the SAO/NASA Astrophysics Data System}
}

@ARTICLE{2004A&A...418..885N,
   author = {{Noll}, S. and {Mehlert}, D. and {Appenzeller}, I. and {Bender}, R. and 
	{B{\"o}hm}, A. and {Gabasch}, A. and {Heidt}, J. and {Hopp}, U. and 
	{J{\"a}ger}, K. and {Seitz}, S. and {Stahl}, O. and {Tapken}, C. and 
	{Ziegler}, B.~L.},
    title = "{The FORS Deep Field spectroscopic survey}",
  journal = {\aap},
   eprint = {astro-ph/0401500},
 keywords = {galaxies: high-redshift, galaxies: starburst, galaxies: fundamental parameters, galaxies: evolution},
     year = 2004,
    month = may,
   volume = 418,
    pages = {885-906},
      doi = {10.1051/0004-6361:20034434},
   adsurl = {http://adsabs.harvard.edu/abs/2004A%26A...418..885N},
  adsnote = {Provided by the SAO/NASA Astrophysics Data System}
}

@ARTICLE{2004MNRAS.348.1038B,
   author = {{Ball}, N.~M. and {Loveday}, J. and {Fukugita}, M. and {Nakamura}, O. and 
	{Okamura}, S. and {Brinkmann}, J. and {Brunner}, R.~J.},
    title = "{Galaxy types in the Sloan Digital Sky Survey using supervised artificial neural networks}",
  journal = {\mnras},
   eprint = {astro-ph/0306390},
 keywords = {methods: data analysis, methods: statistical, galaxies: fundamental parameters, galaxies: photometry, galaxies: statistics},
     year = 2004,
    month = mar,
   volume = 348,
    pages = {1038-1046},
      doi = {10.1111/j.1365-2966.2004.07429.x},
   adsurl = {http://adsabs.harvard.edu/abs/2004MNRAS.348.1038B},
  adsnote = {Provided by the SAO/NASA Astrophysics Data System}
}

@ARTICLE{2003MNRAS.344.1000B,
   author = {{Bruzual}, G. and {Charlot}, S.},
    title = "{Stellar population synthesis at the resolution of 2003}",
  journal = {\mnras},
   eprint = {astro-ph/0309134},
 keywords = {stars: evolution, galaxies: evolution, galaxies: formation, galaxies: stellar content},
     year = 2003,
    month = oct,
   volume = 344,
    pages = {1000-1028},
      doi = {10.1046/j.1365-8711.2003.06897.x},
   adsurl = {http://adsabs.harvard.edu/abs/2003MNRAS.344.1000B},
  adsnote = {Provided by the SAO/NASA Astrophysics Data System}
}

@ARTICLE{2003PASP..115..928K,
   author = {{Kennicutt}, Jr., R.~C. and {Armus}, L. and {Bendo}, G. and 
	{Calzetti}, D. and {Dale}, D.~A. and {Draine}, B.~T. and {Engelbracht}, C.~W. and 
	{Gordon}, K.~D. and {Grauer}, A.~D. and {Helou}, G. and {Hollenbach}, D.~J. and 
	{Jarrett}, T.~H. and {Kewley}, L.~J. and {Leitherer}, C. and 
	{Li}, A. and {Malhotra}, S. and {Regan}, M.~W. and {Rieke}, G.~H. and 
	{Rieke}, M.~J. and {Roussel}, H. and {Smith}, J.-D.~T. and {Thornley}, M.~D. and 
	{Walter}, F.},
    title = "{SINGS: The SIRTF Nearby Galaxies Survey}",
  journal = {\pasp},
   eprint = {astro-ph/0305437},
 keywords = {ISM: Dust, Extinction, Galaxies: Evolution, Galaxies: ISM, infrared: galaxies, Stars: Formation, Surveys},
     year = 2003,
    month = aug,
   volume = 115,
    pages = {928-952},
      doi = {10.1086/376941},
   adsurl = {http://adsabs.harvard.edu/abs/2003PASP..115..928K},
  adsnote = {Provided by the SAO/NASA Astrophysics Data System}
}

@ARTICLE{2003ApJ...588...65S,
   author = {{Shapley}, A.~E. and {Steidel}, C.~C. and {Pettini}, M. and 
	{Adelberger}, K.~L.},
    title = "{Rest-Frame Ultraviolet Spectra of z\~{}3 Lyman Break Galaxies}",
  journal = {\apj},
   eprint = {astro-ph/0301230},
 keywords = {Cosmology: Observations, Galaxies: Evolution, Galaxies: High-Redshift, Galaxies: Starburst},
     year = 2003,
    month = may,
   volume = 588,
    pages = {65-89},
      doi = {10.1086/373922},
   adsurl = {http://adsabs.harvard.edu/abs/2003ApJ...588...65S},
  adsnote = {Provided by the SAO/NASA Astrophysics Data System}
}

@ARTICLE{2001ApJ...556..937C,
   author = {{Cortiglioni}, F. and {M{\"a}h{\"o}nen}, P. and {Hakala}, P. and 
	{Frantti}, T.},
    title = "{Automated Star-Galaxy Discrimination for Large Surveys}",
  journal = {\apj},
 keywords = {Galaxies: Photometry, Methods: Data Analysis},
     year = 2001,
    month = aug,
   volume = 556,
    pages = {937-943},
      doi = {10.1086/321558},
   adsurl = {http://adsabs.harvard.edu/abs/2001ApJ...556..937C},
  adsnote = {Provided by the SAO/NASA Astrophysics Data System}
}

@ARTICLE{2000MNRAS.319..700A,
   author = {{Andreon}, S. and {Gargiulo}, G. and {Longo}, G. and {Tagliaferri}, R. and 
	{Capuano}, N.},
    title = "{Wide field imaging - I. Applications of neural networks to object detection and star/galaxy classification}",
  journal = {\mnras},
   eprint = {astro-ph/0006115},
 keywords = {METHODS: DATA ANALYSIS, TECHNIQUES: IMAGE PROCESSING, CATALOGUES},
     year = 2000,
    month = dec,
   volume = 319,
    pages = {700-716},
      doi = {10.1046/j.1365-8711.2000.03700.x},
   adsurl = {http://adsabs.harvard.edu/abs/2000MNRAS.319..700A},
  adsnote = {Provided by the SAO/NASA Astrophysics Data System}
}

@ARTICLE{2000ApJ...533..682C,
   author = {{Calzetti}, D. and {Armus}, L. and {Bohlin}, R.~C. and {Kinney}, A.~L. and 
	{Koornneef}, J. and {Storchi-Bergmann}, T.},
    title = "{The Dust Content and Opacity of Actively Star-forming Galaxies}",
  journal = {\apj},
   eprint = {astro-ph/9911459},
 keywords = {GALAXIES: STARBURST, INFRARED: GALAXIES, INFRARED: ISM: CONTINUUM, ISM: DUST, EXTINCTION},
     year = 2000,
    month = apr,
   volume = 533,
    pages = {682-695},
      doi = {10.1086/308692},
   adsurl = {http://adsabs.harvard.edu/abs/2000ApJ...533..682C},
  adsnote = {Provided by the SAO/NASA Astrophysics Data System}
}

@ARTICLE{1999ApJ...527...54B,
   author = {{Balogh}, M.~L. and {Morris}, S.~L. and {Yee}, H.~K.~C. and 
	{Carlberg}, R.~G. and {Ellingson}, E.},
    title = "{Differential Galaxy Evolution in Cluster and Field Galaxies at z\~{}0.3}",
  journal = {\apj},
   eprint = {astro-ph/9906470},
 keywords = {GALAXIES: CLUSTERS: GENERAL, GALAXIES: EVOLUTION, GALAXIES: PHOTOMETRY, GALAXIES: STELLAR CONTENT, Galaxies: Clusters: General, Galaxies: Evolution, Galaxies: Photometry, Galaxies: Stellar Content},
     year = 1999,
    month = dec,
   volume = 527,
    pages = {54-79},
      doi = {10.1086/308056},
   adsurl = {http://adsabs.harvard.edu/abs/1999ApJ...527...54B},
  adsnote = {Provided by the SAO/NASA Astrophysics Data System}
}

@ARTICLE{1999ApJS..123....3L,
   author = {{Leitherer}, C. and {Schaerer}, D. and {Goldader}, J.~D. and 
	{Delgado}, R.~M.~G. and {Robert}, C. and {Kune}, D.~F. and {de Mello}, D.~F. and 
	{Devost}, D. and {Heckman}, T.~M.},
    title = "{Starburst99: Synthesis Models for Galaxies with Active Star Formation}",
  journal = {\apjs},
   eprint = {astro-ph/9902334},
 keywords = {GALAXIES: EVOLUTION, GALAXIES: FUNDAMENTAL PARAMETERS, GALAXIES: STARBURST, GALAXIES: STELLAR CONTENT, METHODS: NUMERICAL, Galaxies: Evolution, Galaxies: Fundamental Parameters, Galaxies: Starburst, Galaxies: Stellar Content, Methods: Numerical},
     year = 1999,
    month = jul,
   volume = 123,
    pages = {3-40},
      doi = {10.1086/313233},
   adsurl = {http://adsabs.harvard.edu/abs/1999ApJS..123....3L},
  adsnote = {Provided by the SAO/NASA Astrophysics Data System}
}

@ARTICLE{1987PNAS...84.8429H,
   author = {{Hopfield}, J.~J.},
    title = "{Learning Algorithms and Probability Distributions in Feed-Forward and Feed-Back Networks}",
  journal = {Proceedings of the National Academy of Science},
     year = 1987,
    month = dec,
   volume = 84,
    pages = {8429-8433},
      doi = {10.1073/pnas.84.23.8429},
   adsurl = {http://adsabs.harvard.edu/abs/1987PNAS...84.8429H},
  adsnote = {Provided by the SAO/NASA Astrophysics Data System}
}

@ARTICLE{1980ApJS...43..393C,
   author = {{Coleman}, G.~D. and {Wu}, C.-C. and {Weedman}, D.~W.},
    title = "{Colors and magnitudes predicted for high redshift galaxies}",
  journal = {\apjs},
 keywords = {Galactic Clusters, Hertzsprung-Russell Diagram, Red Shift, Spectral Energy Distribution, Ultraviolet Astronomy, Ultraviolet Spectra, Astronomical Photometry, Continuous Spectra, Cosmology, Elliptical Galaxies, Spiral Galaxies, Ubv Spectra, Visible Spectrum},
     year = 1980,
    month = jul,
   volume = 43,
    pages = {393-416},
      doi = {10.1086/190674},
   adsurl = {http://adsabs.harvard.edu/abs/1980ApJS...43..393C},
  adsnote = {Provided by the SAO/NASA Astrophysics Data System}
}

@ARTICLE{1955ApJ...121..161S,
   author = {{Salpeter}, E.~E.},
    title = "{The Luminosity Function and Stellar Evolution.}",
  journal = {\apj},
     year = 1955,
    month = jan,
   volume = 121,
    pages = {161},
      doi = {10.1086/145971},
   adsurl = {http://adsabs.harvard.edu/abs/1955ApJ...121..161S},
  adsnote = {Provided by the SAO/NASA Astrophysics Data System}
}
@BOOK{Hubble36,
   author = {{Hubble}, E.~P.},
    title = "{Realm of the Nebulae}",
publisher = {Yale University Press},
address = {New Haven},
     year = 1936,
   adsurl = {http://adsabs.harvard.edu/abs/1936rene.book.....H},
  adsnote = {Provided by the SAO/NASA Astrophysics Data System}
}

@inproceedings{Marquez91,
  title={Neural network models as an alternative to regression},
  author={{Marquez}, L. and {Hill}, T. and {Worthley}, R. and {Remus}, W.},
  booktitle={Proceedings of the Twenty-Fourth Annual Hawaii International Conference on System Sciences},
  volume={4},
  pages={129--135},
  year={1991},
  organization={IEEE}
}

@ARTICLE{Kennicutt03,
   author = {{Kennicutt}, Jr., R.~C. and {Armus}, L. and {Bendo}, G. and 
	{et al.}},
    title = "{SINGS: The SIRTF Nearby Galaxies Survey}",
  journal = {\pasp},
   eprint = {astro-ph/0305437},
 keywords = {ISM: Dust, Extinction, Galaxies: Evolution, Galaxies: ISM, infrared: galaxies, Stars: Formation, Surveys},
     year = 2003,
    month = aug,
   volume = 115,
    pages = {928-952},
      doi = {10.1086/376941},
   adsurl = {http://adsabs.harvard.edu/abs/2003PASP..115..928K},
  adsnote = {Provided by the SAO/NASA Astrophysics Data System}
}




%% This BibTeX bibliography file was created using BibDesk.
%% http://bibdesk.sourceforge.net/


%% Created for Sahar Rahmani at 2013-11-03 17:25:30 -0500 


%% Saved with string encoding Unicode (UTF-8) 
@article{Abdo10,
	Adsnote = {Provided by the SAO/NASA Astrophysics Data System},
	Adsurl = {http://adsabs.harvard.edu/abs/2010ApJ...710..133A},
	Archiveprefix = {arXiv},
	Author = {{Abdo}, A.~A. and {Ackermann}, M. and {Ajello}, M. and {et al.}},
	Doi = {10.1088/0004-637X/710/1/133},
	Eprint = {0912.3618},
	Journal = {\apj},
	Keywords = {cosmic rays, gamma rays: diffuse background, ISM: clouds},
	Month = feb,
	Pages = {133-149},
	Primaryclass = {astro-ph.HE},
	Title = {{Fermi Observations of Cassiopeia and Cepheus: Diffuse Gamma-ray Emission in the Outer Galaxy}},
	Volume = 710,
	Year = 2010}

@article{Auger09,
	Adsnote = {Provided by the SAO/NASA Astrophysics Data System},
	Adsurl = {http://adsabs.harvard.edu/abs/2009ApJ...705.1099A},
	Archiveprefix = {arXiv},
	Author = {{Auger}, M.~W. and {Treu}, T. and {Bolton}, A.~S. and {Gavazzi}, R. and {Koopmans}, L.~V.~E. and {Marshall}, P.~J. and {Bundy}, K. and {Moustakas}, L.~A.},
	Doi = {10.1088/0004-637X/705/2/1099},
	Eprint = {0911.2471},
	Journal = {\apj},
	Keywords = {galaxies: elliptical and lenticular, cD, gravitational lensing, surveys},
	Month = nov,
	Pages = {1099-1115},
	Primaryclass = {astro-ph.CO},
	Title = {{The Sloan Lens ACS Survey. IX. Colors, Lensing, and Stellar Masses of Early-Type Galaxies}},
	Volume = 705,
	Year = 2009}

@article{Baldry03,
	Adsnote = {Provided by the SAO/NASA Astrophysics Data System},
	Adsurl = {http://adsabs.harvard.edu/abs/2003ApJ...593..258B},
	Author = {{Baldry}, I.~K. and {Glazebrook}, K.},
	Doi = {10.1086/376502},
	Eprint = {astro-ph/0304423},
	Journal = {\apj},
	Keywords = {Galaxies: Evolution, Stars: Luminosity Function, Mass Function, Ultraviolet: Galaxies},
	Month = aug,
	Pages = {258-271},
	Title = {{Constraints on a Universal Stellar Initial Mass Function from Ultraviolet to Near-Infrared Galaxy Luminosity Densities}},
	Volume = 593,
	Year = 2003}

@article{Bastin10,
	Adsnote = {Provided by the SAO/NASA Astrophysics Data System},
	Adsurl = {http://adsabs.harvard.edu/abs/2010ARA%26A..48..339B},
	Archiveprefix = {arXiv},
	Author = {{Bastian}, N. and {Covey}, K.~R. and {Meyer}, M.~R.},
	Doi = {10.1146/annurev-astro-082708-101642},
	Eprint = {1001.2965},
	Journal = {\araa},
	Month = sep,
	Pages = {339-389},
	Primaryclass = {astro-ph.GA},
	Title = {{A Universal Stellar Initial Mass Function? A Critical Look at Variations}},
	Volume = 48,
	Year = 2010}

@article{Basu97,
	Adsnote = {Provided by the SAO/NASA Astrophysics Data System},
	Adsurl = {http://adsabs.harvard.edu/abs/1997ApJ...485..240B},
	Author = {{Basu}, S.},
	Doi = {10.1086/304420},
	Journal = {\apj},
	Keywords = {ISM: CLOUDS, ISM: MAGNETIC FIELDS, MAGNETOHYDRODYNAMICS: MHD, STARS: FORMATION, STARS: PRE-MAIN-SEQUENCE},
	Month = aug,
	Pages = {240},
	Title = {{A Semianalytic Model for Supercritical Core Collapse: Self-similar Evolution and the Approach to Protostar Formation}},
	Volume = 485,
	Year = 1997}

@article{Bell03,
	Adsnote = {Provided by the SAO/NASA Astrophysics Data System},
	Adsurl = {http://adsabs.harvard.edu/abs/2003ApJ...586..794B},
	Author = {{Bell}, E.~F.},
	Doi = {10.1086/367829},
	Eprint = {astro-ph/0212121},
	Journal = {\apj},
	Keywords = {ISM: Cosmic Rays, ISM: Dust, Extinction, Galaxies: General, Infrared: Galaxies, Radio Continuum: Galaxies, Ultraviolet: Galaxies},
	Month = apr,
	Pages = {794-813},
	Title = {{Estimating Star Formation Rates from Infrared and Radio Luminosities: The Origin of the Radio-Infrared Correlation}},
	Volume = 586,
	Year = 2003}

@article{Bell01,
	Adsnote = {Provided by the SAO/NASA Astrophysics Data System},
	Adsurl = {http://adsabs.harvard.edu/abs/2001ApJ...550..212B},
	Author = {{Bell}, E.~F. and {de Jong}, R.~S.},
	Doi = {10.1086/319728},
	Eprint = {astro-ph/0011493},
	Journal = {\apj},
	Keywords = {ISM: Dust, Extinction, Galaxies: Evolution, Galaxies: Kinematics and Dynamics, Galaxies: Spiral, Galaxies: Stellar Content},
	Month = mar,
	Pages = {212-229},
	Title = {{Stellar Mass-to-Light Ratios and the Tully-Fisher Relation}},
	Volume = 550,
	Year = 2001}

@article{Bell00,
	Adsnote = {Provided by the SAO/NASA Astrophysics Data System},
	Adsurl = {http://adsabs.harvard.edu/abs/2000MNRAS.312..497B},
	Author = {{Bell}, E.~F. and {de Jong}, R.~S.},
	Doi = {10.1046/j.1365-8711.2000.03138.x},
	Eprint = {astro-ph/9909402},
	Journal = {\mnras},
	Keywords = {GALAXIES: ABUNDANCES, GALAXIES: EVOLUTION, GALAXIES: GENERAL, GALAXIES: SPIRAL, GALAXIES: STELLAR CONTENT, GALAXIES: STRUCTURE},
	Month = mar,
	Pages = {497-520},
	Title = {{The stellar populations of spiral galaxies}},
	Volume = 312,
	Year = 2000}

@article{Bigiel08,
	Adsnote = {Provided by the SAO/NASA Astrophysics Data System},
	Adsurl = {http://adsabs.harvard.edu/abs/2008AJ....136.2846B},
	Archiveprefix = {arXiv},
	Author = {{Bigiel}, F. and {Leroy}, A. and {Walter}, F. and {Brinks}, E. and {de Blok}, W.~J.~G. and {Madore}, B. and {Thornley}, M.~D.},
	Doi = {10.1088/0004-6256/136/6/2846},
	Eprint = {0810.2541},
	Journal = {\aj},
	Keywords = {galaxies: evolution, galaxies: ISM, radio lines: galaxies, radio lines: ISM},
	Month = dec,
	Pages = {2846-2871},
	Title = {{The Star Formation Law in Nearby Galaxies on Sub-Kpc Scales}},
	Volume = 136,
	Year = 2008}

@article{Bolato13,
	Adsnote = {Provided by the SAO/NASA Astrophysics Data System},
	Adsurl = {http://adsabs.harvard.edu/abs/2013ARA%26A..51..207B},
	Archiveprefix = {arXiv},
	Author = {{Bolatto}, A.~D. and {Wolfire}, M. and {Leroy}, A.~K.},
	Doi = {10.1146/annurev-astro-082812-140944},
	Eprint = {1301.3498},
	Journal = {\araa},
	Month = aug,
	Pages = {207-268},
	Primaryclass = {astro-ph.GA},
	Title = {{The CO-to-H$_{2}$ Conversion Factor}},
	Volume = 51,
	Year = 2013}

@article{Boquien10,
	Adsnote = {Provided by the SAO/NASA Astrophysics Data System},
	Adsurl = {http://adsabs.harvard.edu/abs/2010ApJ...713..626B},
	Archiveprefix = {arXiv},
	Author = {{Boquien}, M. and {Bendo}, G. and {Calzetti}, D. and {et al.}},
	Doi = {10.1088/0004-637X/713/1/626},
	Eprint = {1003.1339},
	Journal = {\apj},
	Keywords = {infrared: galaxies},
	Month = apr,
	Pages = {626-636},
	Primaryclass = {astro-ph.CO},
	Title = {{Total Infrared Luminosity Estimation of Resolved and Unresolved Galaxies}},
	Volume = 713,
	Year = 2010}

@article{Boquien11,
	Adsnote = {Provided by the SAO/NASA Astrophysics Data System},
	Adsurl = {http://adsabs.harvard.edu/abs/2011AJ....142..111B},
	Archiveprefix = {arXiv},
	Author = {{Boquien}, M. and {Calzetti}, D. and {Combes}, F. and {et al.}},
	Doi = {10.1088/0004-6256/142/4/111},
	Eid = {111},
	Eprint = {1107.2396},
	Journal = {\aj},
	Keywords = {dust, extinction, galaxies: individual: M33, infrared: galaxies, Local Group},
	Month = oct,
	Pages = {111},
	Primaryclass = {astro-ph.CO},
	Title = {{Dust Heating Sources in Galaxies: The Case of M33 (HERM33ES)}},
	Volume = 142,
	Year = 2011}

@article{Bosselli02,
	Adsnote = {Provided by the SAO/NASA Astrophysics Data System},
	Adsurl = {http://adsabs.harvard.edu/abs/2002Ap%26SS.281..127B},
	Author = {{Boselli}, A. and {Lequeux}, J. and {Gavazzi}, G.},
	Doi = {10.1023/A:1019599512232},
	Journal = {\apss},
	Month = jul,
	Pages = {127-128},
	Title = {{The CO to H$_{2}$ Conversion Factor in Normal Late-Type Galaxies}},
	Volume = 281,
	Year = 2002}

@article{Braun09,
	Adsnote = {Provided by the SAO/NASA Astrophysics Data System},
	Adsurl = {http://adsabs.harvard.edu/abs/2009ApJ...695..937B},
	Archiveprefix = {arXiv},
	Author = {{Braun}, R. and {Thilker}, D.~A. and {Walterbos}, R.~A.~M. and {Corbelli}, E.},
	Doi = {10.1088/0004-637X/695/2/937},
	Eprint = {0901.4154},
	Journal = {\apj},
	Keywords = {galaxies: individual: M31, galaxies: ISM, Local Group, radio lines: galaxies, stars: formation},
	Month = apr,
	Pages = {937-953},
	Primaryclass = {astro-ph.CO},
	Title = {{A Wide-Field High-Resolution H I Mosaic of Messier 31. I. Opaque Atomic Gas and Star Formation Rate Density}},
	Volume = 695,
	Year = 2009}

@article{Bruzual93,
	Adsnote = {Provided by the SAO/NASA Astrophysics Data System},
	Adsurl = {http://adsabs.harvard.edu/abs/1993ApJ...405..538B},
	Author = {{Bruzual A.}, G. and {Charlot}, S.},
	Doi = {10.1086/172385},
	Journal = {\apj},
	Keywords = {ASTRONOMICAL MODELS, ASTRONOMICAL SPECTROSCOPY, STELLAR EVOLUTION, STELLAR SPECTRA, ASTRONOMICAL PHOTOMETRY, COLOR-MAGNITUDE DIAGRAM, FAR ULTRAVIOLET RADIATION, METALLICITY, NEAR INFRARED RADIATION, PLANETARY NEBULAE, RED SHIFT, SUN, WHITE DWARF STARS},
	Month = mar,
	Pages = {538-553},
	Title = {{Spectral evolution of stellar populations using isochrone synthesis}},
	Volume = 405,
	Year = 1993}

@article{Buat89,
	Adsnote = {Provided by the SAO/NASA Astrophysics Data System},
	Adsurl = {http://adsabs.harvard.edu/abs/1989A%26A...223...42B},
	Author = {{Buat}, V. and {Deharveng}, J.~M. and {Donas}, J.},
	Journal = {\aap},
	Keywords = {GALACTIC EVOLUTION, GAS DENSITY, HYDROGEN, STAR FORMATION, ULTRAVIOLET RADIATION, ABUNDANCE, EMISSION SPECTRA, MOLECULAR GASES, STAR FORMATION RATE},
	Month = oct,
	Pages = {42-46},
	Title = {{Star formation rate and gas surface density in late-type galaxies}},
	Volume = 223,
	Year = 1989}

@article{Buat05,
	Adsnote = {Provided by the SAO/NASA Astrophysics Data System},
	Adsurl = {http://adsabs.harvard.edu/abs/2005ApJ...619L..51B},
	Author = {{Buat}, V. and {Iglesias-P{\'a}ramo}, J. and {Seibert}, M. and {et al.}},
	Doi = {10.1086/423241},
	Eprint = {astro-ph/0411343},
	Journal = {\apjl},
	Keywords = {ISM: Dust, Extinction, Galaxies: Photometry, Galaxies: Stellar Content, Infrared: Galaxies, Ultraviolet: Galaxies},
	Month = jan,
	Pages = {L51-L54},
	Title = {{Dust Attenuation in the Nearby Universe: A Comparison between Galaxies Selected in the Ultraviolet and in the Far-Infrared}},
	Volume = 619,
	Year = 2005}

@inproceedings{Calzetti08,
	Adsnote = {Provided by the SAO/NASA Astrophysics Data System},
	Adsurl = {http://adsabs.harvard.edu/abs/2008ASPC..390..121C},
	Archiveprefix = {arXiv},
	Author = {{Calzetti}, D.},
	Booktitle = {Pathways Through an Eclectic Universe},
	Editor = {{Knapen}, J.~H. and {Mahoney}, T.~J. and {Vazdekis}, A.},
	Eprint = {0707.0467},
	Month = jun,
	Pages = {121},
	Series = {Astronomical Society of the Pacific Conference Series},
	Title = {{Star Formation Rate Determinations}},
	Volume = 390,
	Year = 2008}

@article{Calzetti07,
	Adsnote = {Provided by the SAO/NASA Astrophysics Data System},
	Adsurl = {http://adsabs.harvard.edu/abs/2007ApJ...666..870C},
	Archiveprefix = {arXiv},
	Author = {{Calzetti}, D. and {Kennicutt}, R.~C. and {Engelbracht}, C.~W. and {et al.}},
	Doi = {10.1086/520082},
	Eprint = {0705.3377},
	Journal = {\apj},
	Keywords = {Galaxies: Interactions, Galaxies: ISM, Galaxies: Starburst, ISM: Structure},
	Month = sep,
	Pages = {870-895},
	Title = {{The Calibration of Mid-Infrared Star Formation Rate Indicators}},
	Volume = 666,
	Year = 2007}

@article{Calzetti10,
	Adsnote = {Provided by the SAO/NASA Astrophysics Data System},
	Adsurl = {http://adsabs.harvard.edu/abs/2010ApJ...714.1256C},
	Archiveprefix = {arXiv},
	Author = {{Calzetti}, D. and {Wu}, S.-Y. and {Hong}, S. and {et al.}},
	Doi = {10.1088/0004-637X/714/2/1256},
	Eprint = {1003.0961},
	Journal = {\apj},
	Keywords = {galaxies: interactions, galaxies: ISM, galaxies: starburst, infrared: galaxies, ISM: structure, stars: formation},
	Month = may,
	Pages = {1256-1279},
	Primaryclass = {astro-ph.CO},
	Title = {{The Calibration of Monochromatic Far-Infrared Star Formation Rate Indicators}},
	Volume = 714,
	Year = 2010}

@article{Calzetti01,
	Adsnote = {Provided by the SAO/NASA Astrophysics Data System},
	Adsurl = {http://adsabs.harvard.edu/abs/2001PASP..113.1449C},
	Author = {{Calzetti}, D.},
	Doi = {10.1086/324269},
	Eprint = {astro-ph/0109035},
	Journal = {\pasp},
	Keywords = {ISM: Dust, Extinction, Galaxies: ISM, Galaxies: Starburst, infrared: galaxies, ultraviolet: galaxies},
	Month = dec,
	Pages = {1449-1485},
	Title = {{The Dust Opacity of Star-forming Galaxies}},
	Volume = 113,
	Year = 2001}

@article{Calzetti04,
	Adsnote = {Provided by the SAO/NASA Astrophysics Data System},
	Adsurl = {http://adsabs.harvard.edu/abs/2004AJ....127.1405C},
	Author = {{Calzetti}, D. and {Harris}, J. and {Gallagher}, III, J.~S. and {et al.}},
	Doi = {10.1086/382095},
	Eprint = {astro-ph/0312385},
	Journal = {\aj},
	Keywords = {Galaxies: ISM, Galaxies: Interactions, Galaxies: Starburst, ISM: Structure},
	Month = mar,
	Pages = {1405-1430},
	Title = {{The Ionized Gas in Local Starburst Galaxies: Global and Small-Scale Feedback from Star Formation}},
	Volume = 127,
	Year = 2004}

@article{Cappellari06,
	Adsnote = {Provided by the SAO/NASA Astrophysics Data System},
	Adsurl = {http://adsabs.harvard.edu/abs/2006MNRAS.366.1126C},
	Author = {{Cappellari}, M. and {Bacon}, R. and {Bureau}, M. and {et al.}},
	Doi = {10.1111/j.1365-2966.2005.09981.x},
	Eprint = {astro-ph/0505042},
	Journal = {\mnras},
	Keywords = {galaxies: elliptical and lenticular, cD, galaxies: evolution, galaxies: formation, galaxies: kinematics and dynamics, galaxies: structure},
	Month = mar,
	Pages = {1126-1150},
	Title = {{The SAURON project - IV. The mass-to-light ratio, the virial mass estimator and the Fundamental Plane of elliptical and lenticular galaxies}},
	Volume = 366,
	Year = 2006}

@article{Conti03,
	Adsnote = {Provided by the SAO/NASA Astrophysics Data System},
	Adsurl = {http://adsabs.harvard.edu/abs/2003AJ....126.2330C},
	Author = {{Conti}, A. and {Connolly}, A.~J. and {Hopkins}, A.~M. and {Budav{\'a}ri}, T. and {Szalay}, A.~S. and {Csabai}, I. and {Schmidt}, S.~J. and {Adams}, C. and {Petrovic}, N.},
	Doi = {10.1086/378598},
	Eprint = {astro-ph/0307470},
	Journal = {\aj},
	Keywords = {Cosmology: Observations, Galaxies: Distances and Redshifts, Galaxies: Evolution, Galaxies: Formation, Galaxies: Luminosity Function, Mass Function},
	Month = nov,
	Pages = {2330-2345},
	Title = {{The Star Formation History of Galaxies Measured from Individual Pixels. I. The Hubble Deep Field North}},
	Volume = 126,
	Year = 2003}

@article{Corbelli11,
	Adsnote = {Provided by the SAO/NASA Astrophysics Data System},
	Adsurl = {http://adsabs.harvard.edu/abs/2011A%26A...528A.116C},
	Archiveprefix = {arXiv},
	Author = {{Corbelli}, E. and {Giovanardi}, C. and {Palla}, F. and {Verley}, S.},
	Doi = {10.1051/0004-6361/201015977},
	Eid = {A116},
	Eprint = {1101.5886},
	Journal = {\aap},
	Keywords = {galaxies: individual: M 33, local group, galaxies: star formation, ISM: clouds, ISM: molecules, stars: AGB and post-AGB},
	Month = apr,
	Pages = {A116},
	Primaryclass = {astro-ph.CO},
	Title = {{On the nature of faint mid-infrared sources in M 33}},
	Volume = 528,
	Year = 2011}

@article{Dalcanton12,
	Adsnote = {Provided by the SAO/NASA Astrophysics Data System},
	Adsurl = {http://adsabs.harvard.edu/abs/2012ApJS..198....6D},
	Archiveprefix = {arXiv},
	Author = {{Dalcanton}, J.~J. and {Williams}, B.~F. and {Melbourne}, J.~L. and {et al.}},
	Doi = {10.1088/0067-0049/198/1/6},
	Eid = {6},
	Eprint = {1109.6893},
	Journal = {\apjs},
	Keywords = {galaxies: abundances, galaxies: distances and redshifts, galaxies: dwarf, galaxies: irregular, galaxies: stellar content, infrared: stars, stars: AGB and post-AGB, stars: carbon},
	Month = jan,
	Pages = {6},
	Primaryclass = {astro-ph.CO},
	Title = {{Resolved Near-infrared Stellar Populations in Nearby Galaxies}},
	Volume = 198,
	Year = 2012}

@article{Draine03,
	Adsnote = {Provided by the SAO/NASA Astrophysics Data System},
	Adsurl = {http://adsabs.harvard.edu/abs/2003ARA%26A..41..241D},
	Author = {{Draine}, B.~T.},
	Doi = {10.1146/annurev.astro.41.011802.094840},
	Eprint = {astro-ph/0304489},
	Journal = {\araa},
	Pages = {241-289},
	Title = {{Interstellar Dust Grains}},
	Volume = 41,
	Year = 2003}

@article{Eales10,
	Adsnote = {Provided by the SAO/NASA Astrophysics Data System},
	Adsurl = {http://adsabs.harvard.edu/abs/2010A%26A...518L..62E},
	Archiveprefix = {arXiv},
	Author = {{Eales}, S.~A. and {Smith}, M.~W.~L. and {Wilson}, C.~D. and {et al.}},
	Doi = {10.1051/0004-6361/201014536},
	Eid = {L62},
	Eprint = {1005.2113},
	Journal = {\aap},
	Keywords = {galaxies: ISM, galaxies: spiral, dust, extinction, ISM: abundances},
	Month = jul,
	Pages = {L62},
	Primaryclass = {astro-ph.CO},
	Title = {{Mapping the interstellar medium in galaxies with Herschel/SPIRE}},
	Volume = 518,
	Year = 2010}

@article{Ealas12,
	Adsnote = {Provided by the SAO/NASA Astrophysics Data System},
	Adsurl = {http://adsabs.harvard.edu/abs/2012ApJ...761..168E},
	Archiveprefix = {arXiv},
	Author = {{Eales}, S. and {Smith}, M.~W.~L. and {Auld}, R. and {et al.}},
	Doi = {10.1088/0004-637X/761/2/168},
	Eid = {168},
	Eprint = {1202.0547},
	Journal = {\apj},
	Keywords = {dust, extinction, galaxies: ISM, galaxies: spiral},
	Month = dec,
	Pages = {168},
	Primaryclass = {astro-ph.CO},
	Title = {{Can Dust Emission be Used to Estimate the Mass of the Interstellar Medium in Galaxies{\mdash}A Pilot Project with the Herschel Reference Survey}},
	Volume = 761,
	Year = 2012}

@inproceedings{Elmgrenn11,
	Adsnote = {Provided by the SAO/NASA Astrophysics Data System},
	Adsurl = {http://adsabs.harvard.edu/abs/2011EAS....51....3E},
	Archiveprefix = {arXiv},
	Author = {{Elmegreen}, B.~G.},
	Booktitle = {EAS Publications Series},
	Doi = {10.1051/eas/1151001},
	Editor = {{Charbonnel}, C. and {Montmerle}, T.},
	Eprint = {1101.3108},
	Month = nov,
	Pages = {3-17},
	Primaryclass = {astro-ph.GA},
	Series = {EAS Publications Series},
	Title = {{Star Formation on Galactic Scales: Empirical Laws}},
	Volume = 51,
	Year = 2011}

@article{Elmgreen84,
	Adsnote = {Provided by the SAO/NASA Astrophysics Data System},
	Adsurl = {http://adsabs.harvard.edu/abs/1984ApJS...54..127E},
	Author = {{Elmegreen}, D.~M. and {Elmegreen}, B.~G.},
	Doi = {10.1086/190922},
	Journal = {\apjs},
	Keywords = {ASTRONOMICAL PHOTOMETRY, GALACTIC STRUCTURE, SPIRAL GALAXIES, STELLAR COLOR, DENSITY (NUMBER/VOLUME), STAR DISTRIBUTION, STELLAR EVOLUTION, STELLAR LUMINOSITY},
	Month = jan,
	Pages = {127-149},
	Title = {{Blue and near-infrared surface photometry of spiral structure in 34 nonbarred grand design and flocculent galaxies}},
	Volume = 54,
	Year = 1984}

@article{Eskew12,
	Adsnote = {Provided by the SAO/NASA Astrophysics Data System},
	Adsurl = {http://adsabs.harvard.edu/abs/2012AJ....143..139E},
	Archiveprefix = {arXiv},
	Author = {{Eskew}, M. and {Zaritsky}, D. and {Meidt}, S.},
	Doi = {10.1088/0004-6256/143/6/139},
	Eid = {139},
	Eprint = {1204.0524},
	Journal = {\aj},
	Keywords = {galaxies: fundamental parameters, galaxies: stellar content, Magellanic Clouds},
	Month = jun,
	Pages = {139},
	Primaryclass = {astro-ph.GA},
	Title = {{Converting from 3.6 and 4.5 {$\mu$}m Fluxes to Stellar Mass}},
	Volume = 143,
	Year = 2012}

@article{Evans09,
	Adsnote = {Provided by the SAO/NASA Astrophysics Data System},
	Adsurl = {http://adsabs.harvard.edu/abs/2009ApJS..181..321E},
	Archiveprefix = {arXiv},
	Author = {{Evans}, II, N.~J. and {Dunham}, M.~M. and {J{\o}rgensen}, J.~K. and {et al.}},
	Doi = {10.1088/0067-0049/181/2/321},
	Eid = {321},
	Eprint = {0811.1059},
	Journal = {\apjs},
	Keywords = {dust, extinction, infrared: stars, ISM: clouds, stars: formation},
	Month = apr,
	Pages = {321-350},
	Title = {{The Spitzer c2d Legacy Results: Star-Formation Rates and Efficiencies; Evolution and Lifetimes}},
	Volume = 181,
	Year = 2009}

@article{Ford13,
	Adsnote = {Provided by the SAO/NASA Astrophysics Data System},
	Adsurl = {http://adsabs.harvard.edu/abs/2013ApJ...769...55F},
	Archiveprefix = {arXiv},
	Author = {{Ford}, G.~P. and {Gear}, W.~K. and {Smith}, M.~W.~L. and {et al.}},
	Doi = {10.1088/0004-637X/769/1/55},
	Eid = {55},
	Eprint = {1303.6284},
	Journal = {\apj},
	Keywords = {galaxies: evolution, galaxies: spiral, galaxies: star formation, infrared: galaxies, ISM: general, Local Group, stars: formation, submillimeter: ISM, ultraviolet: stars},
	Month = may,
	Pages = {55},
	Primaryclass = {astro-ph.CO},
	Title = {{Herschel Exploitation of Local Galaxy Andromeda (HELGA). III. The Star Formation Law in M31}},
	Volume = 769,
	Year = 2013}

@article{Freeman70,
	Adsnote = {Provided by the SAO/NASA Astrophysics Data System},
	Adsurl = {http://adsabs.harvard.edu/abs/1970ApJ...160..811F},
	Author = {{Freeman}, K.~C.},
	Doi = {10.1086/150474},
	Journal = {\apj},
	Month = jun,
	Pages = {811},
	Title = {{On the Disks of Spiral and so Galaxies}},
	Volume = 160,
	Year = 1970}

@article{Gavvazi96,
	Adsnote = {Provided by the SAO/NASA Astrophysics Data System},
	Adsurl = {http://adsabs.harvard.edu/abs/1996A%26A...312L..29G},
	Author = {{Gavazzi}, G. and {Scodeggio}, M.},
	Journal = {\aap},
	Keywords = {GALAXIES: EVOLUTION, GALAXIES: FUNDAMENTAL PARAMETERS, GALAXIES: FORMATION},
	Month = aug,
	Pages = {L29-L32},
	Title = {{The mass dependence of the star formation history of disk galaxies.}},
	Volume = 312,
	Year = 1996}

@article{Genzel10,
	Adsnote = {Provided by the SAO/NASA Astrophysics Data System},
	Adsurl = {http://adsabs.harvard.edu/abs/2010RvMP...82.3121G},
	Archiveprefix = {arXiv},
	Author = {{Genzel}, R. and {Eisenhauer}, F. and {Gillessen}, S.},
	Doi = {10.1103/RevModPhys.82.3121},
	Eprint = {1006.0064},
	Journal = {Reviews of Modern Physics},
	Keywords = {Galactic center bar circumnuclear matter and bulge},
	Month = oct,
	Pages = {3121-3195},
	Primaryclass = {astro-ph.GA},
	Title = {{The Galactic Center massive black hole and nuclear star cluster}},
	Volume = 82,
	Year = 2010}

@article{Gnedin10,
	Adsnote = {Provided by the SAO/NASA Astrophysics Data System},
	Adsurl = {http://adsabs.harvard.edu/abs/2010ApJ...714..287G},
	Archiveprefix = {arXiv},
	Author = {{Gnedin}, N.~Y. and {Kravtsov}, A.~V.},
	Doi = {10.1088/0004-637X/714/1/287},
	Eprint = {0912.3005},
	Journal = {\apj},
	Keywords = {cosmology: theory, galaxies: evolution, galaxies: formation, methods: numerical, stars: formation},
	Month = may,
	Pages = {287-295},
	Primaryclass = {astro-ph.CO},
	Title = {{On the Kennicutt-Schmidt Relation of Low-Metallicity High-Redshift Galaxies}},
	Volume = 714,
	Year = 2010}

@article{Hao11,
	Adsnote = {Provided by the SAO/NASA Astrophysics Data System},
	Adsurl = {http://adsabs.harvard.edu/abs/2011ApJ...741..124H},
	Archiveprefix = {arXiv},
	Author = {{Hao}, C.-N. and {Kennicutt}, R.~C. and {Johnson}, B.~D. and {Calzetti}, D. and {Dale}, D.~A. and {Moustakas}, J.},
	Doi = {10.1088/0004-637X/741/2/124},
	Eid = {124},
	Eprint = {1108.2837},
	Journal = {\apj},
	Keywords = {dust, extinction, galaxies: ISM, infrared: galaxies, ultraviolet: galaxies},
	Month = nov,
	Pages = {124},
	Primaryclass = {astro-ph.CO},
	Title = {{Dust-corrected Star Formation Rates of Galaxies. II. Combinations of Ultraviolet and Infrared Tracers}},
	Volume = 741,
	Year = 2011}

@article{Helou86,
	Adsnote = {Provided by the SAO/NASA Astrophysics Data System},
	Adsurl = {http://adsabs.harvard.edu/abs/1986ApJ...311L..33H},
	Author = {{Helou}, G.},
	Doi = {10.1086/184793},
	Journal = {\apjl},
	Keywords = {ASTRONOMICAL PHOTOMETRY, GALACTIC STRUCTURE, INFRARED SPECTRA, STAR FORMATION, STELLAR COLOR, ASTRONOMICAL MODELS, COLOR-COLOR DIAGRAM, EMISSION SPECTRA, FAR INFRARED RADIATION, INFRARED ASTRONOMY SATELLITE, STAR FORMATION RATE, STELLAR LUMINOSITY, TEMPERATURE DEPENDENCE},
	Month = dec,
	Pages = {L33-L36},
	Title = {{The IRAS colors of normal galaxies}},
	Volume = 311,
	Year = 1986}

@article{Hildebran83,
	Adsnote = {Provided by the SAO/NASA Astrophysics Data System},
	Adsurl = {http://adsabs.harvard.edu/abs/1983QJRAS..24..267H},
	Author = {{Hildebrand}, R.~H.},
	Journal = {\qjras},
	Month = sep,
	Pages = {267},
	Title = {{The Determination of Cloud Masses and Dust Characteristics from Submillimetre Thermal Emission}},
	Volume = 24,
	Year = 1983}

@article{Hollenbach99,
	Adsnote = {Provided by the SAO/NASA Astrophysics Data System},
	Adsurl = {http://adsabs.harvard.edu/abs/1999RvMP...71..173H},
	Author = {{Hollenbach}, D.~J. and {Tielens}, A.~G.~G.~M.},
	Doi = {10.1103/RevModPhys.71.173},
	Journal = {Reviews of Modern Physics},
	Month = jan,
	Pages = {173-230},
	Title = {{Photodissociation regions in the interstellar medium of galaxies}},
	Volume = 71,
	Year = 1999}

@article{Hunter04,
	Adsnote = {Provided by the SAO/NASA Astrophysics Data System},
	Adsurl = {http://adsabs.harvard.edu/abs/2004AJ....128.2170H},
	Author = {{Hunter}, D.~A. and {Elmegreen}, B.~G.},
	Doi = {10.1086/424615},
	Eprint = {astro-ph/0408229},
	Journal = {\aj},
	Keywords = {Galaxies: Irregular, Stars: Formation},
	Month = nov,
	Pages = {2170-2205},
	Title = {{Star Formation Properties of a Large Sample of Irregular Galaxies}},
	Volume = 128,
	Year = 2004}

@article{Hunter98,
	Adsnote = {Provided by the SAO/NASA Astrophysics Data System},
	Adsurl = {http://adsabs.harvard.edu/abs/1998ApJ...493..595H},
	Author = {{Hunter}, D.~A. and {Elmegreen}, B.~G. and {Baker}, A.~L.},
	Doi = {10.1086/305158},
	Eprint = {astro-ph/9712353},
	Journal = {\apj},
	Keywords = {GALAXIES: EVOLUTION, GALAXIES: IRREGULAR, GALAXIES: ISM, STARS: FORMATION},
	Month = jan,
	Pages = {595},
	Title = {{The Relationship between Gas, Stars, and Star Formation in Irregular Galaxies: A Test of Simple Models}},
	Volume = 493,
	Year = 1998}

@article{Israel05,
	Adsnote = {Provided by the SAO/NASA Astrophysics Data System},
	Adsurl = {http://adsabs.harvard.edu/abs/2005A%26A...438..855I},
	Author = {{Israel}, F.~P.},
	Doi = {10.1051/0004-6361:20042237},
	Eprint = {astro-ph/0504569},
	Journal = {\aap},
	Keywords = {galaxies: abundances, ISM: abundances, ISM: molecules, galaxies: irregular, submillimeter},
	Month = aug,
	Pages = {855-866},
	Title = {{Molecular gas in compact galaxies}},
	Volume = 438,
	Year = 2005}

@article{Kauffmann03,
	Adsnote = {Provided by the SAO/NASA Astrophysics Data System},
	Adsurl = {http://adsabs.harvard.edu/abs/2003MNRAS.341...33K},
	Author = {{Kauffmann}, G. and {Heckman}, T.~M. and {White}, S.~D.~M. and {et al.}},
	Doi = {10.1046/j.1365-8711.2003.06291.x},
	Eprint = {astro-ph/0204055},
	Journal = {\mnras},
	Keywords = {galaxies: evolution, galaxies: formation, galaxies: stellar content},
	Month = may,
	Pages = {33-53},
	Title = {{Stellar masses and star formation histories for 10$^{5}$ galaxies from the Sloan Digital Sky Survey}},
	Volume = 341,
	Year = 2003}

@inproceedings{Kennicutt08,
	Adsnote = {Provided by the SAO/NASA Astrophysics Data System},
	Adsurl = {http://adsabs.harvard.edu/abs/2008ASPC..390..149K},
	Author = {{Kennicutt}, Jr., R.~C.},
	Booktitle = {Pathways Through an Eclectic Universe},
	Editor = {{Knapen}, J.~H. and {Mahoney}, T.~J. and {Vazdekis}, A.},
	Month = jun,
	Pages = {149},
	Series = {Astronomical Society of the Pacific Conference Series},
	Title = {{The Schmidt Law: Is it Universal and What Are its Implications?}},
	Volume = 390,
	Year = 2008}

@article{Kennicutt12,
	Adsnote = {Provided by the SAO/NASA Astrophysics Data System},
	Adsurl = {http://adsabs.harvard.edu/abs/2012ARA%26A..50..531K},
	Archiveprefix = {arXiv},
	Author = {{Kennicutt}, R.~C. and {Evans}, N.~J.},
	Doi = {10.1146/annurev-astro-081811-125610},
	Eprint = {1204.3552},
	Journal = {\araa},
	Month = sep,
	Pages = {531-608},
	Primaryclass = {astro-ph.GA},
	Title = {{Star Formation in the Milky Way and Nearby Galaxies}},
	Volume = 50,
	Year = 2012}

@article{Kennicutt98b,
	Adsnote = {Provided by the SAO/NASA Astrophysics Data System},
	Adsurl = {http://adsabs.harvard.edu/abs/1998ApJ...498..541K},
	Author = {{Kennicutt}, Jr., R.~C.},
	Doi = {10.1086/305588},
	Eprint = {astro-ph/9712213},
	Journal = {\apj},
	Keywords = {GALAXIES: EVOLUTION, GALAXIES: ISM, GALAXIES: SPIRAL, GALAXIES: STELLAR CONTENT, GALAXIES: STARBURST, STARS: FORMATION},
	Month = may,
	Pages = {541},
	Title = {{The Global Schmidt Law in Star-forming Galaxies}},
	Volume = 498,
	Year = 1998}

@article{Kennicutt98a,
	Adsnote = {Provided by the SAO/NASA Astrophysics Data System},
	Adsurl = {http://adsabs.harvard.edu/abs/1998ARA%26A..36..189K},
	Author = {{Kennicutt}, Jr., R.~C.},
	Doi = {10.1146/annurev.astro.36.1.189},
	Eprint = {astro-ph/9807187},
	Journal = {\araa},
	Pages = {189-232},
	Title = {{Star Formation in Galaxies Along the Hubble Sequence}},
	Volume = 36,
	Year = 1998}

@article{Kennicutt92,
	Adsnote = {Provided by the SAO/NASA Astrophysics Data System},
	Adsurl = {http://adsabs.harvard.edu/abs/1992ApJ...388..310K},
	Author = {{Kennicutt}, Jr., R.~C.},
	Doi = {10.1086/171154},
	Journal = {\apj},
	Keywords = {ASTRONOMICAL SPECTROSCOPY, EMISSION SPECTRA, H ALPHA LINE, LINE SPECTRA, PECULIAR GALAXIES, ACTIVE GALACTIC NUCLEI, IRREGULAR GALAXIES, SPIRAL GALAXIES, STAR FORMATION RATE, STARBURST GALAXIES},
	Month = apr,
	Pages = {310-327},
	Title = {{The integrated spectra of nearby galaxies - General properties and emission-line spectra}},
	Volume = 388,
	Year = 1992}

@article{Kennicutt89,
	Adsnote = {Provided by the SAO/NASA Astrophysics Data System},
	Adsurl = {http://adsabs.harvard.edu/abs/1989ApJ...344..685K},
	Author = {{Kennicutt}, Jr., R.~C.},
	Doi = {10.1086/167834},
	Journal = {\apj},
	Keywords = {GALACTIC EVOLUTION, H ALPHA LINE, H II REGIONS, INTERSTELLAR GAS, STAR FORMATION RATE, EMISSION SPECTRA, GAS DYNAMICS, RADIAL DISTRIBUTION, SPIRAL GALAXIES},
	Month = sep,
	Pages = {685-703},
	Title = {{The star formation law in galactic disks}},
	Volume = 344,
	Year = 1989}

@article{Kennicutt07,
	Adsnote = {Provided by the SAO/NASA Astrophysics Data System},
	Adsurl = {http://adsabs.harvard.edu/abs/2007ApJ...671..333K},
	Archiveprefix = {arXiv},
	Author = {{Kennicutt}, Jr., R.~C. and {Calzetti}, D. and {Walter}, F. and {et al.}},
	Doi = {10.1086/522300},
	Eprint = {0708.0922},
	Journal = {\apj},
	Keywords = {Galaxies: Evolution, galaxies: individual (M51a), galaxies: individual (NGC 5194), Galaxies: ISM, ISM: H II Regions, Infrared: Galaxies, Stars: Formation},
	Month = dec,
	Pages = {333-348},
	Title = {{Star Formation in NGC 5194 (M51a). II. The Spatially Resolved Star Formation Law}},
	Volume = 671,
	Year = 2007}

@article{Kennicutt09,
	Adsnote = {Provided by the SAO/NASA Astrophysics Data System},
	Adsurl = {http://adsabs.harvard.edu/abs/2009ApJ...703.1672K},
	Archiveprefix = {arXiv},
	Author = {{Kennicutt}, Jr., R.~C. and {Hao}, C.-N. and {Calzetti}, D. and {et al.}},
	Doi = {10.1088/0004-637X/703/2/1672},
	Eid = {1672},
	Eprint = {0908.0203},
	Journal = {\apj},
	Keywords = {dust, extinction, galaxies: evolution, galaxies: ISM, H II regions, stars: formation},
	Month = oct,
	Pages = {1672-1695},
	Primaryclass = {astro-ph.CO},
	Title = {{Dust-corrected Star Formation Rates of Galaxies. I. Combinations of H{$\alpha$} and Infrared Tracers}},
	Volume = 703,
	Year = 2009}

@article{Kewley02,
	Adsnote = {Provided by the SAO/NASA Astrophysics Data System},
	Adsurl = {http://adsabs.harvard.edu/abs/2002AJ....124.3135K},
	Author = {{Kewley}, L.~J. and {Geller}, M.~J. and {Jansen}, R.~A. and {Dopita}, M.~A.},
	Doi = {10.1086/344487},
	Eprint = {astro-ph/0208508},
	Journal = {\aj},
	Keywords = {ISM: Dust, Extinction, Galaxies: Spiral, Galaxies: Starburst},
	Month = dec,
	Pages = {3135-3143},
	Title = {{The H{$\alpha$} and Infrared Star Formation Rates for the Nearby Field Galaxy Survey}},
	Volume = 124,
	Year = 2002}

@article{Kotulla09,
	Adsnote = {Provided by the SAO/NASA Astrophysics Data System},
	Adsurl = {http://adsabs.harvard.edu/abs/2009MNRAS.396..462K},
	Archiveprefix = {arXiv},
	Author = {{Kotulla}, R. and {Fritze}, U. and {Weilbacher}, P. and {Anders}, P.},
	Doi = {10.1111/j.1365-2966.2009.14717.x},
	Eprint = {0903.0378},
	Journal = {\mnras},
	Keywords = {stars: evolution , galaxies: abundances , galaxies: evolution , galaxies: formation , galaxies: star clusters , galaxies: stellar content},
	Month = jun,
	Pages = {462-484},
	Primaryclass = {astro-ph.CO},
	Title = {{GALEV evolutionary synthesis models - I. Code, input physics and web interface}},
	Volume = 396,
	Year = 2009}

@article{Kroupa01,
	Adsnote = {Provided by the SAO/NASA Astrophysics Data System},
	Adsurl = {http://adsabs.harvard.edu/abs/2001MNRAS.322..231K},
	Author = {{Kroupa}, P.},
	Doi = {10.1046/j.1365-8711.2001.04022.x},
	Eprint = {astro-ph/0009005},
	Journal = {\mnras},
	Keywords = {BINARIES: GENERAL, STARS: FORMATION, STARS: KINEMATICS, STARS: LUMINOSITY FUNCTION, MASS FUNCTION, GLOBULAR CLUSTERS: GENERAL, OPEN CLUSTERS AND ASSOCIATIONS: GENERAL},
	Month = apr,
	Pages = {231-246},
	Title = {{On the variation of the initial mass function}},
	Volume = 322,
	Year = 2001}

@article{Kroupa93,
	Adsnote = {Provided by the SAO/NASA Astrophysics Data System},
	Adsurl = {http://adsabs.harvard.edu/abs/1993MNRAS.262..545K},
	Author = {{Kroupa}, P. and {Tout}, C.~A. and {Gilmore}, G.},
	Journal = {\mnras},
	Keywords = {BINARY STARS, GALACTIC NUCLEI, MILKY WAY GALAXY, STAR DISTRIBUTION, STELLAR MASS, COLOR-MAGNITUDE DIAGRAM, MAIN SEQUENCE STARS, MASS TO LIGHT RATIOS, METALLICITY, SOLAR NEIGHBORHOOD, STELLAR EVOLUTION, STELLAR LUMINOSITY},
	Month = jun,
	Pages = {545-587},
	Title = {{The distribution of low-mass stars in the Galactic disc}},
	Volume = 262,
	Year = 1993}

@article{Lee10,
	Adsnote = {Provided by the SAO/NASA Astrophysics Data System},
	Adsurl = {http://adsabs.harvard.edu/abs/2010ApJ...725.1644L},
	Archiveprefix = {arXiv},
	Author = {{Lee}, S.-K. and {Ferguson}, H.~C. and {Somerville}, R.~S. and {Wiklind}, T. and {Giavalisco}, M.},
	Doi = {10.1088/0004-637X/725/2/1644},
	Eprint = {1010.1966},
	Journal = {\apj},
	Keywords = {galaxies: evolution, galaxies: fundamental parameters, galaxies: high-redshift, galaxies: statistics, galaxies: stellar content, methods: statistical},
	Month = dec,
	Pages = {1644-1651},
	Primaryclass = {astro-ph.CO},
	Title = {{The Estimation of Star Formation Rates and Stellar Population Ages of High-redshift Galaxies from Broadband Photometry}},
	Volume = 725,
	Year = 2010}

@article{Leitherer99,
	Adsnote = {Provided by the SAO/NASA Astrophysics Data System},
	Adsurl = {http://adsabs.harvard.edu/abs/1999ApJS..123....3L},
	Author = {{Leitherer}, C. and {Schaerer}, D. and {Goldader}, J.~D. and {et al.}},
	Doi = {10.1086/313233},
	Eprint = {astro-ph/9902334},
	Journal = {\apjs},
	Keywords = {GALAXIES: EVOLUTION, GALAXIES: FUNDAMENTAL PARAMETERS, GALAXIES: STARBURST, GALAXIES: STELLAR CONTENT, METHODS: NUMERICAL},
	Month = jul,
	Pages = {3-40},
	Title = {{Starburst99: Synthesis Models for Galaxies with Active Star Formation}},
	Volume = 123,
	Year = 1999}

@article{Leroy08,
	Adsnote = {Provided by the SAO/NASA Astrophysics Data System},
	Adsurl = {http://adsabs.harvard.edu/abs/2008AJ....136.2782L},
	Archiveprefix = {arXiv},
	Author = {{Leroy}, A.~K. and {Walter}, F. and {Brinks}, E. and {Bigiel}, F. and {de Blok}, W.~J.~G. and {Madore}, B. and {Thornley}, M.~D.},
	Doi = {10.1088/0004-6256/136/6/2782},
	Eprint = {0810.2556},
	Journal = {\aj},
	Keywords = {galaxies: evolution, galaxies: ISM, radio lines: galaxies, stars: formation},
	Month = dec,
	Pages = {2782-2845},
	Title = {{The Star Formation Efficiency in Nearby Galaxies: Measuring Where Gas Forms Stars Effectively}},
	Volume = 136,
	Year = 2008}

@article{Lisenfeld98,
	Adsnote = {Provided by the SAO/NASA Astrophysics Data System},
	Adsurl = {http://adsabs.harvard.edu/abs/1998ApJ...496..145L},
	Author = {{Lisenfeld}, U. and {Ferrara}, A.},
	Doi = {10.1086/305354},
	Eprint = {astro-ph/9705037},
	Journal = {\apj},
	Keywords = {ISM: DUST, EXTINCTION, GALAXIES: ABUNDANCES, GALAXIES: EVOLUTION, GALAXIES: IRREGULAR, GALAXIES: STELLAR CONTENT},
	Month = mar,
	Pages = {145},
	Title = {{Dust-to-Gas Ratio and Metal Abundance in Dwarf Galaxies}},
	Volume = 496,
	Year = 1998}

@article{Maraston06,
	Adsnote = {Provided by the SAO/NASA Astrophysics Data System},
	Adsurl = {http://adsabs.harvard.edu/abs/2006ApJ...652...85M},
	Author = {{Maraston}, C. and {Daddi}, E. and {Renzini}, A. and {et al.}},
	Doi = {10.1086/508143},
	Eprint = {astro-ph/0604530},
	Journal = {\apj},
	Keywords = {Galaxies: Evolution, Galaxies: Formation, Galaxies: High-Redshift, Stars: AGB and Post-AGB},
	Month = nov,
	Pages = {85-96},
	Title = {{Evidence for TP-AGB Stars in High-Redshift Galaxies, and Their Effect on Deriving Stellar Population Parameters}},
	Volume = 652,
	Year = 2006}

@article{Martin01,
	Adsnote = {Provided by the SAO/NASA Astrophysics Data System},
	Adsurl = {http://adsabs.harvard.edu/abs/2001ApJ...555..301M},
	Author = {{Martin}, C.~L. and {Kennicutt}, Jr., R.~C.},
	Doi = {10.1086/321452},
	Eprint = {astro-ph/0103181},
	Journal = {\apj},
	Keywords = {Galaxies: Evolution, Galaxies: ISM, Galaxies: Stellar Content, Stars: Formation},
	Month = jul,
	Pages = {301-321},
	Title = {{Star Formation Thresholds in Galactic Disks}},
	Volume = 555,
	Year = 2001}

@article{McKee07,
	Adsnote = {Provided by the SAO/NASA Astrophysics Data System},
	Adsurl = {http://adsabs.harvard.edu/abs/2007ARA%26A..45..565M},
	Archiveprefix = {arXiv},
	Author = {{McKee}, C.~F. and {Ostriker}, E.~C.},
	Doi = {10.1146/annurev.astro.45.051806.110602},
	Eprint = {0707.3514},
	Journal = {\araa},
	Month = sep,
	Pages = {565-687},
	Title = {{Theory of Star Formation}},
	Volume = 45,
	Year = 2007}

@article{McLaughlin05,
	Adsnote = {Provided by the SAO/NASA Astrophysics Data System},
	Adsurl = {http://adsabs.harvard.edu/abs/2005ApJS..161..304M},
	Author = {{McLaughlin}, D.~E. and {van der Marel}, R.~P.},
	Doi = {10.1086/497429},
	Eprint = {astro-ph/0605132},
	Journal = {\apjs},
	Keywords = {Galaxies: Star Clusters, Galaxy: Globular Clusters: General, Galaxies: Magellanic Clouds},
	Month = dec,
	Pages = {304-360},
	Title = {{Resolved Massive Star Clusters in the Milky Way and Its Satellites: Brightness Profiles and a Catalog of Fundamental Parameters}},
	Volume = 161,
	Year = 2005}

@article{Narayanan11,
	Adsnote = {Provided by the SAO/NASA Astrophysics Data System},
	Adsurl = {http://adsabs.harvard.edu/abs/2011MNRAS.418..664N},
	Archiveprefix = {arXiv},
	Author = {{Narayanan}, D. and {Krumholz}, M. and {Ostriker}, E.~C. and {Hernquist}, L.},
	Doi = {10.1111/j.1365-2966.2011.19516.x},
	Eprint = {1104.4118},
	Journal = {\mnras},
	Keywords = {ISM: clouds, ISM: molecules, galaxies: interactions, galaxies: ISM, galaxies: starburst, galaxies: star formation},
	Month = nov,
	Pages = {664-679},
	Primaryclass = {astro-ph.CO},
	Title = {{The CO-H$_{2}$ conversion factor in disc galaxies and mergers}},
	Volume = 418,
	Year = 2011}

@article{Oliver12,
	Adsnote = {Provided by the SAO/NASA Astrophysics Data System},
	Adsurl = {http://adsabs.harvard.edu/abs/2012MNRAS.424.1614O},
	Archiveprefix = {arXiv},
	Author = {{Oliver}, S.~J. and {Bock}, J. and {Altieri}, B. and {et al.}},
	Doi = {10.1111/j.1365-2966.2012.20912.x},
	Eprint = {1203.2562},
	Journal = {\mnras},
	Keywords = {surveys, galaxies: evolution, infrared: galaxies, submillimetre: galaxies},
	Month = aug,
	Pages = {1614-1635},
	Primaryclass = {astro-ph.CO},
	Title = {{The Herschel Multi-tiered Extragalactic Survey: HerMES}},
	Volume = 424,
	Year = 2012}

@book{Osterbrock06,
	Adsnote = {Provided by the SAO/NASA Astrophysics Data System},
	Adsurl = {http://adsabs.harvard.edu/abs/2006agna.book.....O},
	Author = {{Osterbrock}, D.~E. and {Ferland}, G.~J.},
	Booktitle = {Astrophysics of gaseous nebulae and active galactic nuclei, 2nd.~ed.~by D.E.~Osterbrock and G.J.~Ferland.~Sausalito, CA: University Science Books, 2006},
	Keywords = {GASEOUS NEBULAE, PHOTOIONIZATION, THERMAL EQUILIBRIUM, EMISSION SPECTRA, INTERSTELLAR DUST, H II REGIONS, PLANETARY NEBULAE, SUPERNOVA REMNANTS, ACTIVE GALACTIC NUCLEI},
	Title = {{Astrophysics of gaseous nebulae and active galactic nuclei}},
	Year = 2006}

@article{Pilbratt10,
	Adsnote = {Provided by the SAO/NASA Astrophysics Data System},
	Adsurl = {http://adsabs.harvard.edu/abs/2010A%26A...518L...1P},
	Archiveprefix = {arXiv},
	Author = {{Pilbratt}, G.~L. and {Riedinger}, J.~R. and {Passvogel}, T. and {Crone}, G. and {Doyle}, D. and {Gageur}, U. and {Heras}, A.~M. and {Jewell}, C. and {Metcalfe}, L. and {Ott}, S. and {Schmidt}, M.},
	Doi = {10.1051/0004-6361/201014759},
	Eid = {L1},
	Eprint = {1005.5331},
	Journal = {\aap},
	Keywords = {space vehicles, space vehicles: instruments, infrared: general, submillimetre: general},
	Month = jul,
	Pages = {L1},
	Primaryclass = {astro-ph.IM},
	Title = {{Herschel Space Observatory. An ESA facility for far-infrared and submillimetre astronomy}},
	Volume = 518,
	Year = 2010}

@article{Ranalli03,
	Adsnote = {Provided by the SAO/NASA Astrophysics Data System},
	Adsurl = {http://adsabs.harvard.edu/abs/2003A%26A...399...39R},
	Author = {{Ranalli}, P. and {Comastri}, A. and {Setti}, G.},
	Doi = {10.1051/0004-6361:20021600},
	Eprint = {astro-ph/0211304},
	Journal = {\aap},
	Keywords = {X-rays: galaxies, radio continuum: galaxies, galaxies: high-redshift, infrared: galaxies -, galaxies: fundamental parameters, galaxies: starburst},
	Month = feb,
	Pages = {39-50},
	Title = {{The 2-10 keV luminosity as a Star Formation Rate indicator}},
	Volume = 399,
	Year = 2003}

@article{Rieke09,
	Adsnote = {Provided by the SAO/NASA Astrophysics Data System},
	Adsurl = {http://adsabs.harvard.edu/abs/2009ApJ...692..556R},
	Archiveprefix = {arXiv},
	Author = {{Rieke}, G.~H. and {Alonso-Herrero}, A. and {Weiner}, B.~J. and {P{\'e}rez-Gonz{\'a}lez}, P.~G. and {Blaylock}, M. and {Donley}, J.~L. and {Marcillac}, D.},
	Doi = {10.1088/0004-637X/692/1/556},
	Eprint = {0810.4150},
	Journal = {\apj},
	Keywords = {galaxies: fundamental parameters, galaxies: starburst, galaxies: stellar content},
	Month = feb,
	Pages = {556-573},
	Title = {{Determining Star Formation Rates for Infrared Galaxies}},
	Volume = 692,
	Year = 2009}

@article{Ryder94,
	Adsnote = {Provided by the SAO/NASA Astrophysics Data System},
	Adsurl = {http://adsabs.harvard.edu/abs/1994ApJ...430..142R},
	Author = {{Ryder}, S.~D. and {Dopita}, M.~A.},
	Doi = {10.1086/174389},
	Journal = {\apj},
	Keywords = {BRIGHTNESS, DISK GALAXIES, SPIRAL GALAXIES, STAR FORMATION, SURFACE PROPERTIES, ASTRONOMICAL PHOTOMETRY, H ALPHA LINE, STELLAR MASS},
	Month = jul,
	Pages = {142-162},
	Title = {{The relationship between past and present star formation in galactic disks from CCD surface photometry}},
	Volume = 430,
	Year = 1994}

@article{Sersic67,
	Adsnote = {Provided by the SAO/NASA Astrophysics Data System},
	Adsurl = {http://adsabs.harvard.edu/abs/1967PASP...79..152S},
	Author = {{S{\'e}rsic}, J.~L. and {Pastoriza}, M.},
	Doi = {10.1086/128456},
	Journal = {\pasp},
	Month = apr,
	Pages = {152},
	Title = {{Properties of Galaxies with Peculiar Nuclei}},
	Volume = 79,
	Year = 1967}

@article{Salpeter55,
	Adsnote = {Provided by the SAO/NASA Astrophysics Data System},
	Adsurl = {http://adsabs.harvard.edu/abs/1955ApJ...121..161S},
	Author = {{Salpeter}, E.~E.},
	Doi = {10.1086/145971},
	Journal = {\apj},
	Month = jan,
	Pages = {161},
	Title = {{The Luminosity Function and Stellar Evolution.}},
	Volume = 121,
	Year = 1955}

@article{Sanders84,
	Adsnote = {Provided by the SAO/NASA Astrophysics Data System},
	Adsurl = {http://adsabs.harvard.edu/abs/1984ApJ...276..182S},
	Author = {{Sanders}, D.~B. and {Solomon}, P.~M. and {Scoville}, N.~Z.},
	Doi = {10.1086/161602},
	Journal = {\apj},
	Keywords = {CARBON MONOXIDE, HYDROGEN, INTERSTELLAR GAS, MASS DISTRIBUTION, MILKY WAY GALAXY, MOLECULAR CLOUDS, DISK GALAXIES, EARLY STARS, GALACTIC ROTATION, GRAVITATIONAL COLLAPSE, SPECTRUM ANALYSIS, STELLAR EVOLUTION},
	Month = jan,
	Pages = {182-203},
	Title = {{Giant molecular clouds in the Galaxy. I - The axisymmetric distribution of H2}},
	Volume = 276,
	Year = 1984}

@article{Sandstrom13,
	Adsnote = {Provided by the SAO/NASA Astrophysics Data System},
	Adsurl = {http://adsabs.harvard.edu/abs/2013ApJ...777....5S},
	Archiveprefix = {arXiv},
	Author = {{Sandstrom}, K.~M. and {Leroy}, A.~K. and {Walter}, F. and {et al.}},
	Doi = {10.1088/0004-637X/777/1/5},
	Eid = {5},
	Eprint = {1212.1208},
	Journal = {\apj},
	Keywords = {dust, extinction, galaxies: ISM, infrared: ISM, ISM: molecules},
	Month = nov,
	Pages = {5},
	Primaryclass = {astro-ph.CO},
	Title = {{The CO-to-H$_{2}$ Conversion Factor and Dust-to-gas Ratio on Kiloparsec Scales in Nearby Galaxies}},
	Volume = 777,
	Year = 2013}

@inproceedings{Scalo86,
	Adsnote = {Provided by the SAO/NASA Astrophysics Data System},
	Adsurl = {http://adsabs.harvard.edu/abs/1986IAUS..116..451S},
	Author = {{Scalo}, J.~M.},
	Booktitle = {Luminous Stars and Associations in Galaxies},
	Editor = {{De Loore}, C.~W.~H. and {Willis}, A.~J. and {Laskarides}, P.},
	Keywords = {GALAXIES, STAR DISTRIBUTION, STELLAR MASS, SUPERMASSIVE STARS, B STARS, CHEMICAL EVOLUTION, COLOR, H ALPHA LINE, MASS TO LIGHT RATIOS, O STARS, SPIRAL GALAXIES, STAR CLUSTERS, STAR FORMATION RATE, STARBURST GALAXIES, STELLAR LUMINOSITY},
	Pages = {451-466},
	Series = {IAU Symposium},
	Title = {{The initial mass function of massive stars in galaxies Empirical evidence}},
	Volume = 116,
	Year = 1986}

@article{Schmidt59,
	Adsnote = {Provided by the SAO/NASA Astrophysics Data System},
	Adsurl = {http://adsabs.harvard.edu/abs/1959ApJ...129..243S},
	Author = {{Schmidt}, M.},
	Doi = {10.1086/146614},
	Journal = {\apj},
	Month = mar,
	Pages = {243},
	Title = {{The Rate of Star Formation.}},
	Volume = 129,
	Year = 1959}

@article{Scodeggio02,
	Adsnote = {Provided by the SAO/NASA Astrophysics Data System},
	Adsurl = {http://adsabs.harvard.edu/abs/2002A%26A...384..812S},
	Author = {{Scodeggio}, M. and {Gavazzi}, G. and {Franzetti}, P. and {Boselli}, A. and {Zibetti}, S. and {Pierini}, D.},
	Doi = {10.1051/0004-6361:20020110},
	Eprint = {astro-ph/0202027},
	Journal = {\aap},
	Keywords = {GALAXIES: FUNDAMENTAL PARAMETERS, GALAXIES: PHOTOMETRY, INFRARED: GALAXIES},
	Month = mar,
	Pages = {812-825},
	Title = {{1.65 {$\mu$} m (H-band) surface photometry of galaxies. IX. Photometric and structural properties of galaxies}},
	Volume = 384,
	Year = 2002}

@article{Shi11,
	Adsnote = {Provided by the SAO/NASA Astrophysics Data System},
	Adsurl = {http://adsabs.harvard.edu/abs/2011ApJ...733...87S},
	Archiveprefix = {arXiv},
	Author = {{Shi}, Y. and {Helou}, G. and {Yan}, L. and {et al.}},
	Doi = {10.1088/0004-637X/733/2/87},
	Eid = {87},
	Eprint = {1103.3711},
	Journal = {\apj},
	Keywords = {galaxies: evolution, galaxies: starburst, ISM: atoms, ISM: molecules, stars: formation},
	Month = jun,
	Pages = {87},
	Primaryclass = {astro-ph.CO},
	Title = {{Extended Schmidt Law: Role of Existing Stars in Current Star Formation}},
	Volume = 733,
	Year = 2011}

@article{Shu94,
	Adsnote = {Provided by the SAO/NASA Astrophysics Data System},
	Adsurl = {http://adsabs.harvard.edu/abs/1994ApJ...429..781S},
	Author = {{Shu}, F. and {Najita}, J. and {Ostriker}, E. and {et al.}},
	Doi = {10.1086/174363},
	Journal = {\apj},
	Keywords = {ASTRONOMICAL MODELS, CENTRIFUGAL FORCE, DISK GALAXIES, MAGNETIC FIELDS, MASS FLOW, PROTOSTARS, STELLAR MASS ACCRETION, T TAURI STARS, ANGULAR MOMENTUM, NUMERICAL ANALYSIS, STELLAR WINDS, TERMINAL VELOCITY},
	Month = jul,
	Pages = {781-796},
	Title = {{Magnetocentrifugally driven flows from young stars and disks. 1: A generalized model}},
	Volume = 429,
	Year = 1994}

@article{Shu87,
	Adsnote = {Provided by the SAO/NASA Astrophysics Data System},
	Adsurl = {http://adsabs.harvard.edu/abs/1987ARA%26A..25...23S},
	Author = {{Shu}, F.~H. and {Adams}, F.~C. and {Lizano}, S.},
	Doi = {10.1146/annurev.aa.25.090187.000323},
	Journal = {\araa},
	Keywords = {ASTROPHYSICS, MOLECULAR CLOUDS, STAR FORMATION, STELLAR MODELS, ASTRONOMICAL MAPS, BINARY STARS, GRAVITATIONAL COLLAPSE, PROTOSTARS, STAR CLUSTERS, STELLAR MASS},
	Pages = {23-81},
	Title = {{Star formation in molecular clouds - Observation and theory}},
	Volume = 25,
	Year = 1987}

@article{Solomon87,
	Adsnote = {Provided by the SAO/NASA Astrophysics Data System},
	Adsurl = {http://adsabs.harvard.edu/abs/1987ApJ...319..730S},
	Author = {{Solomon}, P.~M. and {Rivolo}, A.~R. and {Barrett}, J. and {Yahil}, A.},
	Doi = {10.1086/165493},
	Journal = {\apj},
	Keywords = {MASS DISTRIBUTION, MASS TO LIGHT RATIOS, MILKY WAY GALAXY, MOLECULAR CLOUDS, SPECTRAL LINE WIDTH, ASTRONOMICAL CATALOGS, ASTRONOMICAL MODELS, ASTRONOMICAL SPECTROSCOPY, CARBON MONOXIDE, VIRIAL THEOREM},
	Month = aug,
	Pages = {730-741},
	Title = {{Mass, luminosity, and line width relations of Galactic molecular clouds}},
	Volume = 319,
	Year = 1987}

@article{Tabatabaei10,
	Adsnote = {Provided by the SAO/NASA Astrophysics Data System},
	Adsurl = {http://adsabs.harvard.edu/abs/2010A%26A...517A..77T},
	Archiveprefix = {arXiv},
	Author = {{Tabatabaei}, F.~S. and {Berkhuijsen}, E.~M.},
	Doi = {10.1051/0004-6361/200913593},
	Eid = {A77},
	Eprint = {1004.4306},
	Journal = {\aap},
	Keywords = {galaxies: individual: M 31, galaxies: ISM, dust, extinction, ISM: general, stars: formation},
	Month = jul,
	Pages = {A77},
	Primaryclass = {astro-ph.GA},
	Title = {{Relating dust, gas, and the rate of star formation in M 31}},
	Volume = 517,
	Year = 2010}

@inproceedings{Vogol87,
	Adsnote = {Provided by the SAO/NASA Astrophysics Data System},
	Adsurl = {http://adsabs.harvard.edu/abs/1987BAAS...19..643V},
	Author = {{Vogel}, S.~N. and {Boulanger}, F. and {Ball}, R.},
	Booktitle = {Bulletin of the American Astronomical Society},
	Month = jan,
	Pages = {643},
	Series = {Bulletin of the American Astronomical Society},
	Title = {{The Existence of GMC's in External Galaxies: Resolving CO Emission from a GMC in M 31}},
	Volume = 19,
	Year = 1987}

@article{Wilson95,
	Adsnote = {Provided by the SAO/NASA Astrophysics Data System},
	Adsurl = {http://adsabs.harvard.edu/abs/1995ApJ...448L..97W},
	Author = {{Wilson}, C.~D.},
	Doi = {10.1086/309615},
	Eprint = {astro-ph/9506103},
	Journal = {\apjl},
	Keywords = {ISM: MOLECULES, GALAXIES: LOCAL GROUP, GALAXIES: ISM, GALAXIES: INDIVIDUAL ALPHANUMERIC: IC 10, GALAXIES: INDIVIDUAL MESSIER NUMBER: M31, GALAXIES: INDIVIDUAL MESSIER NUMBER: M33, GALAXIES: INDIVIDUAL NGC NUMBER: NGC 6822},
	Month = aug,
	Pages = {L97},
	Title = {{The Metallicity Dependence of the CO-to-H 2 Conversion Factor from Observations of Local Group Galaxies}},
	Volume = 448,
	Year = 1995}

@article{Wilson90,
	Adsnote = {Provided by the SAO/NASA Astrophysics Data System},
	Adsurl = {http://adsabs.harvard.edu/abs/1990ApJ...363..435W},
	Author = {{Wilson}, C.~D. and {Scoville}, N.},
	Doi = {10.1086/169356},
	Journal = {\apj},
	Keywords = {MOLECULAR CLOUDS, SPIRAL GALAXIES, GALACTIC STRUCTURE, INTERSTELLAR MATTER, MASS SPECTRA, MOLECULAR GASES},
	Month = nov,
	Pages = {435-450},
	Title = {{The properties of individual giant molecular clouds in M33}},
	Volume = 363,
	Year = 1990}

@article{Wilson89,
	Adsnote = {Provided by the SAO/NASA Astrophysics Data System},
	Adsurl = {http://adsabs.harvard.edu/abs/1989ApJ...347..743W},
	Author = {{Wilson}, C.~D. and {Scoville}, N.},
	Doi = {10.1086/168165},
	Journal = {\apj},
	Keywords = {CARBON MONOXIDE, GALACTIC NUCLEI, GAS COMPOSITION, INTERSTELLAR GAS, MOLECULAR GASES, SPIRAL GALAXIES, HYDROGEN, MILKY WAY GALAXY, MOLECULAR CLOUDS, SPECTRAL EMISSION},
	Month = dec,
	Pages = {743-749},
	Title = {{The molecular gas content of the nuclear region of M33}},
	Volume = 347,
	Year = 1989}

@article{York00,
	Adsnote = {Provided by the SAO/NASA Astrophysics Data System},
	Adsurl = {http://adsabs.harvard.edu/abs/2000AJ....120.1579Y},
	Author = {{York}, D.~G. and {Adelman}, J. and {Anderson}, Jr., J.~E. and {et al.}},
	Doi = {10.1086/301513},
	Eprint = {astro-ph/0006396},
	Journal = {\aj},
	Keywords = {Cosmology: Observations, Instrumentation: Miscellaneous},
	Month = sep,
	Pages = {1579-1587},
	Title = {{The Sloan Digital Sky Survey: Technical Summary}},
	Volume = 120,
	Year = 2000}%}%,
	Bdsk-Url-1 = {http://dx.doi.org/10.1086/301513}}

@article{Young91,
	Adsnote = {Provided by the SAO/NASA Astrophysics Data System},
	Adsurl = {http://adsabs.harvard.edu/abs/1991ARA%26A..29..581Y},
	Author = {{Young}, J.~S. and {Scoville}, N.~Z.},
	Doi = {10.1146/annurev.aa.29.090191.003053},
	Journal = {\araa},
	Keywords = {GALACTIC EVOLUTION, INTERSTELLAR GAS, MOLECULAR GASES, SPIRAL GALAXIES, ACTIVE GALACTIC NUCLEI, CARBON MONOXIDE, GALACTIC STRUCTURE, INTERACTING GALAXIES, LOCAL GROUP (ASTRONOMY), STAR FORMATION},
	Pages = {581-625},
	Title = {{Molecular gas in galaxies}},
	Volume = 29,
	Year = 1991}%,
	Bdsk-Url-1 = {http://dx.doi.org/10.1146/annurev.aa.29.090191.003053}}

@article{Zaritsky94,
	Adsnote = {Provided by the SAO/NASA Astrophysics Data System},
	Adsurl = {http://adsabs.harvard.edu/abs/1994ApJ...435..599Z},
	Author = {{Zaritsky}, D. and {White}, S.~D.~M.},
	Doi = {10.1086/174840},
	Journal = {\apj},
	Keywords = {GALACTIC HALOS, GALACTIC STRUCTURE, INTERACTING GALAXIES, MATHEMATICAL MODELS, MONTE CARLO METHOD, SPIRAL GALAXIES, ORBIT PERTURBATION, STATISTICAL ANALYSIS},
	Month = nov,
	Pages = {599-610},
	Title = {{The massive halos of spiral galaxies}},
	Volume = 435,
	Year = 1994}%,
	Bdsk-Url-1 = {http://dx.doi.org/10.1086/174840}}

@article{Zhu08,
	Adsnote = {Provided by the SAO/NASA Astrophysics Data System},
	Adsurl = {http://adsabs.harvard.edu/abs/2008ApJ...686..155Z},
	Author = {{Zhu}, Y.-N. and {Wu}, H. and {Cao}, C. and {Li}, H.-N.},
	Doi = {10.1086/591121},
	Journal = {\apj},
	Keywords = {Galaxies: Active, Galaxies: Starburst, Infrared: Galaxies, Stars: Formation},
	Month = oct,
	Pages = {155-171},
	Title = {{Correlations between Mid-Infrared, Far-Infrared, H{$\alpha$}, and FUV Luminosities for Spitzer SWIRE Field Galaxies}},
	Volume = 686,
	Year = 2008}%,
	Bdsk-Url-1 = {http://dx.doi.org/10.1086/591121}}

@article{Zhu10,
	Adsnote = {Provided by the SAO/NASA Astrophysics Data System},
	Adsurl = {http://adsabs.harvard.edu/abs/2010RAA....10..329Z},
	Archiveprefix = {arXiv},
	Author = {{Zhu}, Y.-N. and {Wu}, H. and {Li}, H.-N. and {Cao}, C.},
	Doi = {10.1088/1674-4527/10/4/004},
	Eprint = {1001.2627},
	Journal = {Research in Astronomy and Astrophysics},
	Month = apr,
	Pages = {329-347},
	Primaryclass = {astro-ph.CO},
	Title = {{Stellar mass estimation based on IRAC photometry for Spitzer SWIRE-field galaxies}},
	Volume = 10,
	Year = 2010}%,
	Bdsk-Url-1 = {http://dx.doi.org/10.1088/1674-4527/10/4/004}}

@inproceedings{Zibetti08,
	Adsnote = {Provided by the SAO/NASA Astrophysics Data System},
	Adsurl = {http://adsabs.harvard.edu/abs/2008IAUS..244..176Z},
	Archiveprefix = {arXiv},
	Author = {{Zibetti}, S.},
	Booktitle = {IAU Symposium},
	Doi = {10.1017/S174392130701397X},
	Editor = {{Davies}, J.~I. and {Disney}, M.~J.},
	Eprint = {0709.0659},
	Keywords = {galaxies: clusters: general {\ndash} galaxies: interactions {\ndash} galaxies: elliptical and lenticular, cD {\ndash} galaxies: halos {\ndash} galaxies: evolution {\ndash} techniques: photometric},
	Month = may,
	Pages = {176-185},
	Series = {IAU Symposium},
	Title = {{Statistical Properties of the IntraCluster Light from SDSS Image Stacking}},
	Volume = 244,
	Year = 2008}%,
	Bdsk-Url-1 = {http://dx.doi.org/10.1017/S174392130701397X}}

@article{Zibetti09,
	Adsnote = {Provided by the SAO/NASA Astrophysics Data System},
	Adsurl = {http://adsabs.harvard.edu/abs/2009MNRAS.400.1181Z},
	Archiveprefix = {arXiv},
	Author = {{Zibetti}, S. and {Charlot}, S. and {Rix}, H.-W.},
	Doi = {10.1111/j.1365-2966.2009.15528.x},
	Eprint = {0904.4252},
	Journal = {\mnras},
	Keywords = {techniques: image processing , techniques: photometric , galaxies: fundamental parameters , galaxies: general , galaxies: photometry , galaxies: stellar content},
	Month = dec,
	Pages = {1181-1198},
	Primaryclass = {astro-ph.CO},
	Title = {{Resolved stellar mass maps of galaxies - I. Method and implications for global mass estimates}},
	Volume = 400,
	Year = 2009}%,
	Bdsk-Url-1 = {http://dx.doi.org/10.1111/j.1365-2966.2009.15528.x}}

@article{Gallagher89,
	Adsnote = {Provided by the SAO/NASA Astrophysics Data System},
	Adsurl = {http://adsabs.harvard.edu/abs/1989AJ.....97..700G},
	Author = {{Gallagher}, J.~S. and {Hunter}, D.~A. and {Bushouse}, H.},
	Doi = {10.1086/115015},
	Journal = {\aj},
	Keywords = {ASTRONOMICAL SPECTROSCOPY, EMISSION SPECTRA, FORBIDDEN TRANSITIONS, GALAXIES, OXYGEN SPECTRA, STAR FORMATION RATE, BRIGHTNESS DISTRIBUTION, RED SHIFT, SPECTRAL LINE WIDTH, UBV SPECTRA},
	Month = mar,
	Pages = {700-707},
	Title = {{Star-formation rates and forbidden O II emission in blue galaxies}},
	Volume = 97,
	Year = 1989}%,
	Bdsk-Url-1 = {http://dx.doi.org/10.1086/115015}}

@article{Lonsdale03,
	Adsnote = {Provided by the SAO/NASA Astrophysics Data System},
	Adsurl = {http://adsabs.harvard.edu/abs/2003PASP..115..897L},
	Author = {{Lonsdale}, C.~J. and {Smith}, H.~E. and {Rowan-Robinson}, M. and {et al.}},
	Doi = {10.1086/376850},
	Eprint = {astro-ph/0305375},
	Journal = {\pasp},
	Keywords = {Surveys, Galaxies: Evolution, Galaxies: Active, Cosmology: Large-Scale Structure of Universe, infrared: galaxies},
	Month = aug,
	Pages = {897-927},
	Title = {{SWIRE: The SIRTF Wide-Area Infrared Extragalactic Survey}},
	Volume = 115,
	Year = 2003}%,
	Bdsk-Url-1 = {http://dx.doi.org/10.1086/376850}}

@article{Wener04,
	Adsnote = {Provided by the SAO/NASA Astrophysics Data System},
	Adsurl = {http://adsabs.harvard.edu/abs/2004ApJS..154....1W},
	Author = {{Werner}, M.~W. and {Roellig}, T.~L. and {Low}, F.~J. and {et al.}},
	Doi = {10.1086/422992},
	Eprint = {astro-ph/0406223},
	Journal = {\apjs},
	Keywords = {Space Vehicles: Instruments, Telescopes},
	Month = sep,
	Pages = {1-9},
	Title = {{The Spitzer Space Telescope Mission}},
	Volume = 154,
	Year = 2004}%,
	Bdsk-Url-1 = {http://dx.doi.org/10.1086/422992}}

@article{Wright10,
	Adsnote = {Provided by the SAO/NASA Astrophysics Data System},
	Adsurl = {http://adsabs.harvard.edu/abs/2010AJ....140.1868W},
	Archiveprefix = {arXiv},
	Author = {{Wright}, E.~L. and {Eisenhardt}, P.~R.~M. and {Mainzer}, A.~K. and {et al.}},
	Doi = {10.1088/0004-6256/140/6/1868},
	Eid = {1868},
	Eprint = {1008.0031},
	Journal = {\aj},
	Keywords = {infrared: general, space vehicles, surveys},
	Month = dec,
	Pages = {1868-1881},
	Primaryclass = {astro-ph.IM},
	Title = {{The Wide-field Infrared Survey Explorer (WISE): Mission Description and Initial On-orbit Performance}},
	Volume = 140,
	Year = 2010}%,
	Bdsk-Url-1 = {http://dx.doi.org/10.1088/0004-6256/140/6/1868}}

@electronic{Courteau13,
	Author = {{Courteau}, S. and {Cappellari}, M. and {De jon}, R.~S. and {et al.}},
	Date-Added = {2013-11-03 20:42:26 +0000},
	Date-Modified = {2013-11-03 20:51:44 +0000},
	Keywords = {http://arxiv.org/abs/1309.3276},
	Rating = {5},
	Title = {Galaxy Masses: A Review},
	Urldate = {12 sep 2013},
	year = 2013
	}

@inproceedings{Li12,
	Adsnote = {Provided by the SAO/NASA Astrophysics Data System},
	Adsurl = {http://adsabs.harvard.edu/abs/2012AAS...21934605L},
	Author = {{Li}, Y. and {Crocker}, A.~F. and {Calzetti}, D. and {Wilson}, C.~D. and {et al.}},
	Booktitle = {American Astronomical Society Meeting Abstracts \#219},
	Month = jan,
	Pages = {#346.05},
	Series = {American Astronomical Society Meeting Abstracts},
	Title = {{Star Formation Rates in Resolved Galaxies: Near to Far Infrared Calibrations}},
	Volume = 219,
	Year = 2012}

@article{Li10,
	Adsnote = {Provided by the SAO/NASA Astrophysics Data System},
	Adsurl = {http://adsabs.harvard.edu/abs/2010ApJ...725..677L},
	Archiveprefix = {arXiv},
	Author = {{Li}, Y. and {Calzetti}, D. and {Kennicutt}, R.~C. and {et al.}},
	Doi = {10.1088/0004-637X/725/1/677},
	Eprint = {1010.0373},
	Journal = {\apj},
	Keywords = {galaxies: ISM, H II regions, infrared: galaxies, infrared: ISM, ISM: structure},
	Month = dec,
	Pages = {677-691},
	Primaryclass = {astro-ph.CO},
	Title = {{Spitzer 70 {$\mu$}m Emission as a Star Formation Rate Indicator for Sub-galactic Regions}},
	Volume = 725,
	Year = 2010}%,
	Bdsk-Url-1 = {http://dx.doi.org/10.1088/0004-637X/725/1/677}}
@ARTICLE{Kendall08,
   author = {{Kendall}, S. and {Kennicutt}, R.~C. and {Clarke}, C. and {Thornley}, M.~D.
	},
    title = "{Tracing spiral density waves in M81}",
  journal = {\mnras},
archivePrefix = "arXiv",
   eprint = {0804.2380},
 keywords = {galaxies: individual: M81 , galaxies: spiral , galaxies: structure , infrared: galaxies},
     year = 2008,
    month = jul,
   volume = 387,
    pages = {1007-1020},
      doi = {10.1111/j.1365-2966.2008.13327.x},
   adsurl = {http://adsabs.harvard.edu/abs/2008MNRAS.387.1007K},
  adsnote = {Provided by the SAO/NASA Astrophysics Data System}
}

@ARTICLE{Aniano12,
   author = {{Aniano}, G. and {et al.}},
    title = "{Modeling Dust and Starlight in Galaxies Observed by Spitzer and Herschel: NGC 628 and NGC 6946}",
  journal = {\apj},
archivePrefix = "arXiv",
   eprint = {1207.4186},
 primaryClass = "astro-ph.CO",
 keywords = {dust, extinction, galaxies: abundances, galaxies: general, galaxies: ISM, infrared: galaxies, ISM: general},
     year = 2012,
    month = sep,
   volume = 756,
      eid = {138},
    pages = {138},
      doi = {10.1088/0004-637X/756/2/138},
   adsurl = {http://adsabs.harvard.edu/abs/2012ApJ...756..138A},
  adsnote = {Provided by the SAO/NASA Astrophysics Data System}
}

@ARTICLE{Azimlu11,
   author = {{Azimlu}, M. and {Marciniak}, R. and {Barmby}, P.},
    title = "{A New Catalog of H II Regions in M31}",
  journal = {\aj},
archivePrefix = "arXiv",
   eprint = {1108.4044},
 primaryClass = "astro-ph.CO",
 keywords = {galaxies: individual: M31, H II regions},
     year = 2011,
    month = oct,
   volume = 142,
      eid = {139},
    pages = {139},
      doi = {10.1088/0004-6256/142/4/139},
   adsurl = {http://adsabs.harvard.edu/abs/2011AJ....142..139A},
  adsnote = {Provided by the SAO/NASA Astrophysics Data System}
}

@ARTICLE{Barmby06,
   author = {{Barmby}, P. and {Ashby}, M.~L.~N. and {Bianchi}, L. and {et al.}},
    title = "{Dusty Waves on a Starry Sea: The Mid-Infrared View of M31}",
  journal = {\apjl},
   eprint = {astro-ph/0608593},
 keywords = {Galaxies: Individual: Messier Number: M31, Galaxies: ISM, Galaxies: Spiral, Galaxies: Stellar Content, Infrared: Galaxies},
     year = 2006,
    month = oct,
   volume = 650,
    pages = {L45-L49},
      doi = {10.1086/508626},
   adsurl = {http://adsabs.harvard.edu/abs/2006ApJ...650L..45B},
  adsnote = {Provided by the SAO/NASA Astrophysics Data System}
}

@ARTICLE{Bolato08,
   author = {{Bolatto}, A.~D. and {Leroy}, A.~K. and {Rosolowsky}, E. and 
	{Walter}, F. and {Blitz}, L.},
    title = "{The Resolved Properties of Extragalactic Giant Molecular Clouds}",
  journal = {\apj},
archivePrefix = "arXiv",
   eprint = {0807.0009},
 keywords = {Galaxies: Dwarf, Galaxies: Individual: Alphanumeric: IC 10, Galaxies: Individual: Messier Number: M31, Galaxies: Individual: Messier Number: M33, Galaxies: Individual: NGC Number: NGC 185, Galaxies: Individual: NGC Number: NGC 205, Galaxies: Individual: NGC Number: NGC 1569, Galaxies: Individual: NGC Number: NGC 2976, Galaxies: Individual: NGC Number: NGC 3077, Galaxies: Individual: NGC Number: NGC 4214, Galaxies: Individual: NGC Number: NGC 4449, Galaxies: Individual: NGC Number: NGC 4605, Galaxies: ISM, ISM: Clouds, Galaxies: Magellanic Clouds},
     year = 2008,
    month = oct,
   volume = 686,
    pages = {948-965},
      doi = {10.1086/591513},
   adsurl = {http://adsabs.harvard.edu/abs/2008ApJ...686..948B},
  adsnote = {Provided by the SAO/NASA Astrophysics Data System}
}

@ARTICLE{Calzetti05,
   author = {{Calzetti}, D. and {Kennicutt}, Jr., R.~C. and {Bianchi}, L. and {Thilker}, D.~A. and {et al.}},
    title = "{Star Formation in NGC 5194 (M51a): The Panchromatic View from GALEX to Spitzer}",
  journal = {\apj},
   eprint = {astro-ph/0507427},
 keywords = {Galaxies: Interactions, Galaxies: ISM, Galaxies: Starburst, ISM: Structure},
     year = 2005,
    month = nov,
   volume = 633,
    pages = {871-893},
      doi = {10.1086/466518},
   adsurl = {http://adsabs.harvard.edu/abs/2005ApJ...633..871C},
  adsnote = {Provided by the SAO/NASA Astrophysics Data System}
}

@ARTICLE{Chemin09,
   author = {{Chemin}, L. and {Carignan}, C. and {Foster}, T.},
  journal = {\apj},
archivePrefix = "arXiv",
   eprint = {0909.3846},
 keywords = {galaxies: fundamental parameters: mass, galaxies: individual: M31 NGC 224, galaxies: ISM, galaxies: kinematics and dynamics, galaxies: structure, Local Group},
     year = 2009,
    month = nov,
   volume = 705,
    pages = {1395-1415},
      doi = {10.1088/0004-637X/705/2/1395},
   adsurl = {http://adsabs.harvard.edu/abs/2009ApJ...705.1395C},
  adsnote = {Provided by the SAO/NASA Astrophysics Data System}
}

@ARTICLE{Draine14,
   author = {{Draine}, B.~T. and {Aniano}, G. and {Krause}, O. and {Groves}, B. and {Sandstrom}, K. and {et al.}},
    title = "{Andromeda's Dust}",
  journal = {\apj},
archivePrefix = "arXiv",
   eprint = {1306.2304},
 primaryClass = "astro-ph.CO",
 keywords = {dust, extinction, infrared: galaxies, infrared: ISM},
     year = 2014,
    month = jan,
   volume = 780,
      eid = {172},
    pages = {172},
      doi = {10.1088/0004-637X/780/2/172},
   adsurl = {http://adsabs.harvard.edu/abs/2014ApJ...780..172D},
  adsnote = {Provided by the SAO/NASA Astrophysics Data System}
}

@ARTICLE{Fazio04,
   author = {{Fazio}, G.~G. and {Hora}, J.~L. and {Allen}, L.~E. and {Ashby}, M.~L.~N. and {Barmby}, P. and {et al.}},
    title = "{The Infrared Array Camera (IRAC) for the Spitzer Space Telescope}",
  journal = {\apjs},
   eprint = {astro-ph/0405616},
 keywords = {Infrared: General, Instrumentation: Detectors, Space Vehicles: Instruments},
     year = 2004,
    month = sep,
   volume = 154,
    pages = {10-17},
      doi = {10.1086/422843},
   adsurl = {http://adsabs.harvard.edu/abs/2004ApJS..154...10F},
  adsnote = {Provided by the SAO/NASA Astrophysics Data System}
}

@ARTICLE{Fritz12,
   author = {{Fritz}, J. and {Gentile}, G. and {Smith}, M.~W.~L. and {Gear}, W.~K. and {et al.}},
    title = "{The Herschel Exploitation of Local Galaxy Andromeda (HELGA). I. Global far-infrared and sub-mm morphology}",
  journal = {\aap},
archivePrefix = "arXiv",
   eprint = {1112.3348},
 primaryClass = "astro-ph.CO",
 keywords = {galaxies: individual: M 31, galaxies: ISM, infrared: ISM},
     year = 2012,
    month = oct,
   volume = 546,
      eid = {A34},
    pages = {A34},
      doi = {10.1051/0004-6361/201118619},
   adsurl = {http://adsabs.harvard.edu/abs/2012A%26A...546A..34F},
  adsnote = {Provided by the SAO/NASA Astrophysics Data System}
}

@ARTICLE{Griffin10,
   author = {{Griffin}, M.~J. and {Abergel}, A. and {Abreu}, A. and {Ade}, P.~A.~R. and {et al.}},
    title = "{The Herschel-SPIRE instrument and its in-flight performance}",
  journal = {\aap},
archivePrefix = "arXiv",
   eprint = {1005.5123},
 primaryClass = "astro-ph.IM",
 keywords = {instrumentation: photometers, instrumentation: spectrographs, space vehicles: instruments, submillimeter: general},
     year = 2010,
    month = jul,
   volume = 518,
      eid = {L3},
    pages = {L3},
      doi = {10.1051/0004-6361/201014519},
   adsurl = {http://adsabs.harvard.edu/abs/2010A%26A...518L...3G},
  adsnote = {Provided by the SAO/NASA Astrophysics Data System}
}

@ARTICLE{Kim13,
   author = {{Kim}, C.-G. and {Ostriker}, E.~C. and {Kim}, W.-T.},
    title = "{Three-dimensional Hydrodynamic Simulations of Multiphase Galactic Disks with Star Formation Feedback. I. Regulation of Star Formation Rates}",
  journal = {\apj},
archivePrefix = "arXiv",
   eprint = {1308.3231},
 primaryClass = "astro-ph.GA",
 keywords = {galaxies: ISM, galaxies: kinematics and dynamics, galaxies: star formation, methods: numerical, turbulence},
     year = 2013,
    month = oct,
   volume = 776,
      eid = {1},
    pages = {1},
      doi = {10.1088/0004-637X/776/1/1},
   adsurl = {http://adsabs.harvard.edu/abs/2013ApJ...776....1K},
  adsnote = {Provided by the SAO/NASA Astrophysics Data System}
}

@ARTICLE{Leroy11,
   author = {{Leroy}, A.~K. and {et al.}},
    title = "{The CO-to-H$_{2}$ Conversion Factor from Infrared Dust Emission across the Local Group}",
  journal = {\apj},
archivePrefix = "arXiv",
   eprint = {1102.4618},
 primaryClass = "astro-ph.CO",
 keywords = {dust, extinction, galaxies: ISM, ISM: clouds, ISM: molecules, Local Group},
     year = 2011,
    month = aug,
   volume = 737,
      eid = {12},
    pages = {12},
      doi = {10.1088/0004-637X/737/1/12},
   adsurl = {http://adsabs.harvard.edu/abs/2011ApJ...737...12L},
  adsnote = {Provided by the SAO/NASA Astrophysics Data System}
}

@INPROCEEDINGS{Martin05,
   author = {{Martin}, C. and {GALEX Team}},
    title = "{The Galaxy Evolution Explorer - Early Data}",
booktitle = {Maps of the Cosmos},
     year = 2005,
   series = {IAU Symposium},
   volume = 216,
   editor = {{Colless}, M. and {Staveley-Smith}, L. and {Stathakis}, R.~A.
	},
    month = jan,
    pages = {221},
   adsurl = {http://adsabs.harvard.edu/abs/2005IAUS..216..221M},
  adsnote = {Provided by the SAO/NASA Astrophysics Data System}
}

@article{Massey07,
	Adsnote = {Provided by the SAO/NASA Astrophysics Data System},
	Adsurl = {http://adsabs.harvard.edu/abs/2007AJ....134.2474M},
	Archiveprefix = {arXiv},
	Author = {{Massey}, P. and {McNeill}, R.~T. and {Olsen}, K.~A.~G. and {Hodge}, P.~W. and {et al.}},
	Doi = {10.1086/523658},
	Eprint = {0709.1267},
	Journal = {\aj},
	Keywords = {catalogs, galaxies: stellar content, stars: early-type, supergiants, surveys},
	Month = dec,
	Pages = {2474-2503},
	Title = {{A Survey of Local Group Galaxies Currently Forming Stars. III. A Search for Luminous Blue Variables and Other H{$\alpha$} Emission-Line Stars}},
	Volume = 134,
	Year = 2007,
  adsnote = {Provided by the SAO/NASA Astrophysics Data System}
}

@ARTICLE{Massey06,
   author = {{Massey}, P. and others},
    title = "{A Survey of Local Group Galaxies Currently Forming Stars. I. UBVRI Photometry of Stars in M31 and M33}",
  journal = {\aj},
   eprint = {astro-ph/0602128},
 keywords = {Catalogs, Galaxies: Individual: Messier Number: M31, Galaxies: Individual: Messier Number: M33, Galaxies: Stellar Content, Stars: Early-Type, Stars: Supergiants, Surveys},
     year = 2006,
    month = may,
   volume = 131,
    pages = {2478-2496},
      doi = {10.1086/503256},
   adsurl = {http://adsabs.harvard.edu/abs/2006AJ....131.2478M},
  adsnote = {Provided by the SAO/NASA Astrophysics Data System}
}

@ARTICLE{Nieten06,
   author = {{Nieten}, C. and {Neininger}, N. and {Gu{\'e}lin}, M. and {Ungerechts}, H. and 
	{Lucas}, R. and {Berkhuijsen}, E.~M. and {Beck}, R. and {Wielebinski}, R.
	},
    title = "{Molecular gas in the Andromeda galaxy}",
  journal = {\aap},
   eprint = {astro-ph/0512563},
 keywords = {ISM: molecules, galaxies: individual: M 31, galaxies: ISM, galaxies: spiral, radio lines: galaxies},
     year = 2006,
    month = jul,
   volume = 453,
    pages = {459-475},
      doi = {10.1051/0004-6361:20035672},
   adsurl = {http://adsabs.harvard.edu/abs/2006A%26A...453..459N},
  adsnote = {Provided by the SAO/NASA Astrophysics Data System}
}

@ARTICLE{Nyquist,
   author = {{Nyquist}, H.},
    title = "{Thermal Agitation of Electric Charge in Conductors}",
  journal = {Physical Review},
     year = 1928,
    month = jul,
   volume = 32,
    pages = {110-113},
      doi = {10.1103/PhysRev.32.110},
   adsurl = {http://adsabs.harvard.edu/abs/1928PhRv...32..110N},
  adsnote = {Provided by the SAO/NASA Astrophysics Data System}
}
@ARTICLE{Braun09,
   author = {{Braun}, R. and {Thilker}, D.~A. and {Walterbos}, R.~A.~M. and 
	{Corbelli}, E.},
    title = "{A Wide-Field High-Resolution H I Mosaic of Messier 31. I. Opaque Atomic Gas and Star Formation Rate Density}",
  journal = {\apj},
archivePrefix = "arXiv",
   eprint = {0901.4154},
 primaryClass = "astro-ph.CO",
 keywords = {galaxies: individual: M31, galaxies: ISM, Local Group, radio lines: galaxies, stars: formation},
     year = 2009,
    month = apr,
   volume = 695,
    pages = {937-953},
      doi = {10.1088/0004-637X/695/2/937},
   adsurl = {http://adsabs.harvard.edu/abs/2009ApJ...695..937B},
  adsnote = {Provided by the SAO/NASA Astrophysics Data System}
}


@ARTICLE{Poglitsch10,
   author = {{Poglitsch}, A. and {et al.}},
    title = "{The Photodetector Array Camera and Spectrometer (PACS) on the Herschel Space Observatory}",
  journal = {\aap},
archivePrefix = "arXiv",
   eprint = {1005.1487},
 primaryClass = "astro-ph.IM",
 keywords = {space vehicles: instruments, instrumentation: photometers, instrumentation: spectrographs},
     year = 2010,
    month = jul,
   volume = 518,
      eid = {L2},
    pages = {L2},
      doi = {10.1051/0004-6361/201014535},
  adsnote = {Provided by the SAO/NASA Astrophysics Data System}
}

@ARTICLE{Shetty13,
   author = {{Shetty}, R. and {Kelly}, B.~C. and {Bigiel}, F.},
    title = "{Evidence for a non-universal Kennicutt-Schmidt relationship using hierarchical Bayesian linear regression}",
  journal = {\mnras},
archivePrefix = "arXiv",
   eprint = {1210.1218},
 primaryClass = "astro-ph.CO",
 keywords = {methods: statistical, galaxies: ISM, galaxies: star formation},
     year = 2013,
    month = mar,
   volume = 430,
    pages = {288-304},
      doi = {10.1093/mnras/sts617},
   adsurl = {http://adsabs.harvard.edu/abs/2013MNRAS.430..288S},
  adsnote = {Provided by the SAO/NASA Astrophysics Data System}
}

@ARTICLE{Smith12,
   author = {{Smith}, M.~W.~L. and {et al.}},
    title = "{The Herschel Exploitation of Local Galaxy Andromeda (HELGA). II. Dust and Gas in Andromeda}",
  journal = {\apj},
archivePrefix = "arXiv",
   eprint = {1204.0785},
 primaryClass = "astro-ph.CO",
 keywords = {galaxies: evolution, galaxies: individual: M31, galaxies: ISM, Local Group},
     year = 2012,
    month = sep,
   volume = 756,
      eid = {40},
    pages = {40},
      doi = {10.1088/0004-637X/756/1/40},
   adsurl = {http://adsabs.harvard.edu/abs/2012ApJ...756...40S},
  adsnote = {Provided by the SAO/NASA Astrophysics Data System}
}
@ARTICLE{Tamm12,
   author = {{Tamm}, A. and {Tempel}, E. and {Tenjes}, P. and {Tihhonova}, O. and 
	{Tuvikene}, T.},
    title = "{Stellar mass map and dark matter distribution in M 31}",
  journal = {\aap},
archivePrefix = "arXiv",
   eprint = {1208.5712},
 primaryClass = "astro-ph.CO",
 keywords = {galaxies: individual: Andromeda (M 31), galaxies: structure, galaxies: fundamental parameters, dark matter, galaxies: halos, galaxies: kinematics and dynamics},
     year = 2012,
    month = oct,
   volume = 546,
      eid = {A4},
    pages = {A4},
      doi = {10.1051/0004-6361/201220065},
   adsurl = {http://adsabs.harvard.edu/abs/2012A%26A...546A...4T},
  adsnote = {Provided by the SAO/NASA Astrophysics Data System}
}

@ARTICLE{Werner04,
   author = {{Werner}, M.~W. and {et al.}},
    title = "{The Spitzer Space Telescope Mission}",
  journal = {\apjs},
   eprint = {astro-ph/0406223},
 keywords = {Space Vehicles: Instruments, Telescopes},
     year = 2004,
    month = sep,
   volume = 154,
    pages = {1-9},
      doi = {10.1086/422992},
   adsurl = {http://adsabs.harvard.edu/abs/2004ApJS..154....1W},
  adsnote = {Provided by the SAO/NASA Astrophysics Data System}
}
@article{Gordon06,
	Adsnote = {Provided by the SAO/NASA Astrophysics Data System},
	Adsurl = {http://adsabs.harvard.edu/abs/2006ApJ...638L..87G},
	Author = {{Gordon}, K.~D. and {Bailin}, J. and {Engelbracht}, C.~W. and {Rieke}, G.~H. and {et al.}},
	Doi = {10.1086/501046},
	Eprint = {astro-ph/0601314},
	Journal = {\apjl},
	Keywords = {Galaxies: Individual: Messier Number: M31, Galaxies: Individual: Messier Number: M32, Galaxies: Individual: NGC Number: NGC 205, Galaxies: ISM, Galaxies: Spiral},
	Month = feb,
	Pages = {L87-L92},
	Title = {{Spitzer MIPS Infrared Imaging of M31: Further Evidence for a Spiral-Ring Composite Structure}},
	Volume = 638,
	Year = 2006,
  adsnote = {Provided by the SAO/NASA Astrophysics Data System}
}

@article{Boissier07,
	Adsurl = {http://adsabs.harvard.edu/abs/2007ApJS..173..524B},
	Author = {{Boissier}, S. and {Gil de Paz}, A. and {Boselli}, A. and {et al.}},
	Doi = {10.1086/516642},
	Eprint = {astro-ph/0609071},
	Journal = {\apjs},
	Keywords = {ISM: Dust, Extinction, Galaxies: Spiral, Infrared: Galaxies, Ultraviolet: Galaxies},
	Month = dec,
	Pages = {524-537},
	Title = {{Radial Variation of Attenuation and Star Formation in the Largest Late-Type Disks Observed with GALEX}},
	Volume = 173,
	Year = 2007,
	Adsnote = {Provided by the SAO/NASA Astrophysics Data System},
	}

	@article{Boissier03,
	Adsnote = {Provided by the SAO/NASA Astrophysics Data System},
	Adsurl = {http://adsabs.harvard.edu/abs/2003MNRAS.346.1215B},
	Author = {{Boissier}, S. and {Prantzos}, N. and {Boselli}, A. and {Gavazzi}, G.},
	Doi = {10.1111/j.1365-2966.2003.07170.x},
	Eprint = {astro-ph/0309372},
	Journal = {\mnras},
	Keywords = {galaxies: evolution, galaxies: general, galaxies: spiral},
	Month = dec,
	Pages = {1215-1230},
	Title = {{The star formation rate in disc galaxies: thresholds and dependence on gas amount}},
	Volume = 346,
	Year = 2003,
	}

	@article{Mannucci10,
	Adsnote = {Provided by the SAO/NASA Astrophysics Data System},
	Adsurl = {http://adsabs.harvard.edu/abs/2010MNRAS.408.2115M},
	Archiveprefix = {arXiv},
	Author = {{Mannucci}, F. and {Cresci}, G. and {Maiolino}, R. and {Marconi}, A. and {Gnerucci}, A.},
	Doi = {10.1111/j.1365-2966.2010.17291.x},
	Eprint = {1005.0006},
	Journal = {\mnras},
	Keywords = {galaxies: abundances, galaxies: formation, galaxies: high-redshift, galaxies: starburst},
	Month = nov,
	Pages = {2115-2127},
	Title = {{A fundamental relation between mass, star formation rate and metallicity in local and high-redshift galaxies}},
	Volume = 408,
	Year = 2010,
	}

	@article{Lilly13,
	Adsnote = {Provided by the SAO/NASA Astrophysics Data System},
	Adsurl = {http://adsabs.harvard.edu/abs/2013ApJ...772..119L},
	Archiveprefix = {arXiv},
	Author = {{Lilly}, S.~J. and {Carollo}, C.~M. and {Pipino}, A. and {Renzini}, A. and {Peng}, Y.},
	Doi = {10.1088/0004-637X/772/2/119},
	Eid = {119},
	Eprint = {1303.5059},
	Journal = {\apj},
	Keywords = {dark matter, galaxies: abundances, galaxies: evolution, galaxies: halos, galaxies: ISM},
	Month = aug,
	Pages = {119},
	Primaryclass = {astro-ph.CO},
	Title = {{Gas Regulation of Galaxies: The Evolution of the Cosmic Specific Star Formation Rate, the Metallicity-Mass-Star-formation Rate Relation, and the Stellar Content of Halos}},
	Volume = 772,
	Year = 2013,
	}

@article{Roychowdhury15,
	Adsnote = {Provided by the SAO/NASA Astrophysics Data System},
	Adsurl = {http://adsabs.harvard.edu/abs/2015MNRAS.449.3700R},
	Archiveprefix = {arXiv},
	Author = {{Roychowdhury}, S. and {Huang}, M.-L. and {Kauffmann}, G. and {Wang}, J. and {Chengalur}, J.~N.},
	Doi = {10.1093/mnras/stv515},
	Eprint = {1503.02667},
	Journal = {\mnras},
	Keywords = {galaxies: dwarf, galaxies: ISM, galaxies: spiral, galaxies: star formation, radio lines: galaxies, ultraviolet: galaxies},
	Month = jun,
	Pages = {3700-3709},
	Title = {{The spatially resolved Kennicutt-Schmidt relation in the H I-dominated regions of spiral and dwarf irregular galaxies}},
	Volume = 449,
	Year = 2015,
	}

@article{Mattsson14,
	Adsnote = {Provided by the SAO/NASA Astrophysics Data System},
	Adsurl = {http://adsabs.harvard.edu/abs/2014MNRAS.444..797M},
	Archiveprefix = {arXiv},
	Author = {{Mattsson}, L. and {Gomez}, H.~L. and {Andersen}, A.~C. and {Smith}, M.~W.~L. and {et al.}},
	Doi = {10.1093/mnras/stu1228},
	Eprint = {1406.7649},
	Journal = {\mnras},
	Keywords = {ISM: clouds, dust, extinction, ISM: evolution, galaxies: evolution, galaxies: individual: M31, galaxies: ISM},
	Month = oct,
	Pages = {797-807},
	Title = {{The Herschel exploitation of local galaxy Andromeda (HELGA) - V. Strengthening the case for substantial interstellar grain growth}},
	Volume = 444,
	Year = 2014,
	}
@inbook{Calzetti13,
	Adsnote = {Provided by the SAO/NASA Astrophysics Data System},
	Adsurl = {http://adsabs.harvard.edu/abs/2013seg..book..419C},
	Author = {{Calzetti}, D.},
	Booktitle = {Secular Evolution of Galaxies},
	Editor = {{Falc{\'o}n-Barroso}, J. and {Knapen}, J.~H.},
	Month = oct,
	Pages = {419},
	Title = {{Star Formation Rate Indicators}},
	Year = 2013,
	}
@article{Freundlich13,
	Adsnote = {Provided by the SAO/NASA Astrophysics Data System},
	Adsurl = {http://adsabs.harvard.edu/abs/2013A%26A...553A.130F},
	Archiveprefix = {arXiv},
	Author = {{Freundlich}, J. and {Combes}, F. and {Tacconi}, L.~J. and {Cooper}, M.~C. and {et al.}},
	Doi = {10.1051/0004-6361/201220981},
	Eid = {A130},
	Eprint = {1301.0628},
	Journal = {\aap},
	Keywords = {galaxies: evolution, galaxies: high-redshift, galaxies: structure, stars: formation, galaxies: ISM, galaxies: starburst},
	Month = may,
	Pages = {A130},
	Primaryclass = {astro-ph.CO},
	Title = {{Towards a resolved Kennicutt-Schmidt law at high redshift}},
	Volume = 553,
	Year = 2013,
	}
	@article{Krumholz09,
	Adsnote = {Provided by the SAO/NASA Astrophysics Data System},
	Adsurl = {http://adsabs.harvard.edu/abs/2009ApJ...699..850K},
	Archiveprefix = {arXiv},
	Author = {{Krumholz}, M.~R. and {McKee}, C.~F. and {Tumlinson}, J.},
	Doi = {10.1088/0004-637X/699/1/850},
	Eprint = {0904.0009},
	Journal = {\apj},
	Keywords = {galaxies: ISM, ISM: clouds, ISM: molecules, stars: formation},
	Month = jul,
	Pages = {850-856},
	Primaryclass = {astro-ph.GA},
	Title = {{The Star Formation Law in Atomic and Molecular Gas}},
	Volume = 699,
	Year = 2009,
	}
	@ARTICLE{Kim11,
   author = {{Kim}, C.-G. and {Kim}, W.-T. and {Ostriker}, E.~C.},
    title = "{Regulation of Star Formation Rates in Multiphase Galactic Disks: Numerical Tests of the Thermal/Dynamical Equilibrium Model}",
  journal = {\apj},
archivePrefix = "arXiv",
   eprint = {1109.0028},
 keywords = {galaxies: ISM, galaxies: kinematics and dynamics, galaxies: star formation, methods: numerical, turbulence},
     year = 2011,
    month = dec,
   volume = 743,
      eid = {25},
    pages = {25},
      doi = {10.1088/0004-637X/743/1/25},
   adsurl = {http://adsabs.harvard.edu/abs/2011ApJ...743...25K},
  adsnote = {Provided by the SAO/NASA Astrophysics Data System}
}
@INPROCEEDINGS{Berriman08,
   author = {{Berriman}, G.~B. and {Good}, J.~C. and {Laity}, A.~C. and {Kong}, M.
	},
    title = "{The Montage Image Mosaic Service: Custom Image Mosaics On-Demand}",
booktitle = {Astronomical Data Analysis Software and Systems XVII},
     year = 2008,
   series = {Astronomical Society of the Pacific Conference Series},
   volume = 394,
   editor = {{Argyle}, R.~W. and {Bunclark}, P.~S. and {Lewis}, J.~R.},
    month = aug,
    pages = {83},
   adsurl = {http://adsabs.harvard.edu/abs/2008ASPC..394...83B},
  adsnote = {Provided by the SAO/NASA Astrophysics Data System}
}
@article{Dole06,
	Adsnote = {Provided by the SAO/NASA Astrophysics Data System},
	Adsurl = {http://adsabs.harvard.edu/abs/2006A%26A...451..417D},
	Author = {{Dole}, H. and {Lagache}, G. and {Puget}, J.-L. and {Caputi}, K.~I. and {Fern{\'a}ndez-Conde}, N. and {Le Floc'h}, E. and {Papovich}, C. and {P{\'e}rez-Gonz{\'a}lez}, P.~G. and {Rieke}, G.~H. and {Blaylock}, M.},
	Doi = {10.1051/0004-6361:20054446},
	Eprint = {astro-ph/0603208},
	Journal = {\aap},
	Month = may,
	Pages = {417-429},
	Title = {{The cosmic infrared background resolved by Spitzer. Contributions of mid-infrared galaxies to the far-infrared background}},
	Volume = 451,
	Year = 2006,
	}
	@inproceedings{Dib11a,
	Adsnote = {Provided by the SAO/NASA Astrophysics Data System},
	Adsurl = {http://adsabs.harvard.edu/abs/2011sf2a.conf..275D},
	Archiveprefix = {arXiv},
	Author = {{Dib}, S. and {Piau}, L. and {Mohanty}, S. and {Braine}, J.},
	Booktitle = {SF2A-2011: Proceedings of the Annual meeting of the French Society of Astronomy and Astrophysics},
	Editor = {{Alecian}, G. and {Belkacem}, K. and {Samadi}, R. and {Valls-Gabaud}, D.},
	Eprint = {1109.3699},
	Keywords = {Stars: massive, winds, ISM: clouds, galaxies: star formation: star clusters},
	Month = dec,
	Pages = {275-282},
	Title = {{The dependence of the galactic star formation laws on metallicity}},
	Year = 2011,}

@article{Dib11b,
	Adsnote = {Provided by the SAO/NASA Astrophysics Data System},
	Adsurl = {http://adsabs.harvard.edu/abs/2011MNRAS.415.3439D},
	Archiveprefix = {arXiv},
	Author = {{Dib}, S. and {Piau}, L. and {Mohanty}, S. and {Braine}, J.},
	Doi = {10.1111/j.1365-2966.2011.18966.x},
	Eprint = {1102.3839},
	Journal = {\mnras},
	Keywords = {turbulence, stars: luminosity function, mass function, ISM: clouds, open clusters and associations: general, galaxies: star clusters: general, galaxies: star formation},
	Month = aug,
	Pages = {3439-3454},
	Title = {{Star formation efficiency as a function of metallicity: from star clusters to galaxies}},
	Volume = 415,
	Year = 2011,
	}
	@ARTICLE{Tauber10,
   author = {{Tauber}, J.~A. and {Mandolesi}, N. and {Puget}, J.-L. and {Banos}, T. and 
	{Bersanelli}, M. and {Bouchet}, F.~R. and {Butler}, R.~C. and 
	{Charra}, J. and {Crone}, G. and {Dodsworth}, J. and {et al.}},
    title = "{Planck pre-launch status: The Planck mission}",
  journal = {\aap},
 keywords = {cosmic microwave background, space vehicles: instruments, instrumentation: detectors, instrumentation: polarimeters, submillimeter: general, radio continuum: general},
     year = 2010,
    month = sep,
   volume = 520,
      eid = {A1},
    pages = {A1},
      doi = {10.1051/0004-6361/200912983},
   adsurl = {http://adsabs.harvard.edu/abs/2010A%26A...520A...1T},
  adsnote = {Provided by the SAO/NASA Astrophysics Data System}
}

@ARTICLE{Wong13,
   author = {{Wong}, T. and {Xue}, R. and {Bolatto}, A.~D. and {Leroy}, A.~K. and 
	{Blitz}, L. and {Rosolowsky}, E. and {Bigiel}, F. and {Fisher}, D.~B. and 
	{Ott}, J. and {Rahman}, N. and {Vogel}, S.~N. and {Walter}, F.
	},
    title = "{CARMA Survey toward Infrared-bright Nearby Galaxies (STING). III. The Dependence of Atomic and Molecular Gas Surface Densities on Galaxy Properties}",
  journal = {\apjl},
archivePrefix = "arXiv",
   eprint = {1309.6513},
 keywords = {galaxies: ISM, ISM: atoms, ISM: molecules },
     year = 2013,
    month = nov,
   volume = 777,
      eid = {L4},
    pages = {L4},
      doi = {10.1088/2041-8205/777/1/L4},
   adsurl = {http://adsabs.harvard.edu/abs/2013ApJ...777L...4W},
  adsnote = {Provided by the SAO/NASA Astrophysics Data System}
}

@ARTICLE{Draine07,
   author = {{Draine}, B.~T. and {Dale}, D.~A. and {Bendo}, G. and {Gordon}, K.~D. and {et al.}},
    title = "{Dust Masses, PAH Abundances, and Starlight Intensities in the SINGS Galaxy Sample}",
  journal = {\apj},
   eprint = {astro-ph/0703213},
 keywords = {ISM: Dust, Extinction, Galaxies: Abundances, Galaxies: General, Galaxies: ISM, Infrared: Galaxies, ISM: General},
     year = 2007,
    month = jul,
   volume = 663,
    pages = {866-894},
      doi = {10.1086/518306},
   adsurl = {http://adsabs.harvard.edu/abs/2007ApJ...663..866D},
  adsnote = {Provided by the SAO/NASA Astrophysics Data System}
}

@ARTICLE{Zaritsky94a,
   author = {{Zaritsky}, D. and {Kennicutt}, Jr., R.~C. and {Huchra}, J.~P.},
    title = "{H II regions and the abundance properties of spiral galaxies}",
  journal = {\apj},
 keywords = {Abundance, H Ii Regions, Irregular Galaxies, Oxygen, Spiral Galaxies, Disk Galaxies, Emission Spectra, Metallicity, Stellar Luminosity},
     year = 1994,
    month = jan,
   volume = 420,
    pages = {87-109},
      doi = {10.1086/173544},
   adsurl = {http://adsabs.harvard.edu/abs/1994ApJ...420...87Z},
  adsnote = {Provided by the SAO/NASA Astrophysics Data System}
}

@ARTICLE{McGaugh91,
   author = {{McGaugh}, S.~S.},
    title = "{H II region abundances - Model oxygen line ratios}",
  journal = {\apj},
 keywords = {Abundance, H Ii Regions, Line Spectra, Oxygen Spectra, Forbidden Bands, Star Clusters, Stellar Spectra},
     year = 1991,
    month = oct,
   volume = 380,
    pages = {140-150},
      doi = {10.1086/170569},
   adsurl = {http://adsabs.harvard.edu/abs/1991ApJ...380..140M},
  adsnote = {Provided by the SAO/NASA Astrophysics Data System}
}
@ARTICLE{McConnachie05,
   author = {{McConnachie}, A.~W. and {Irwin}, M.~J. and {Ferguson}, A.~M.~N. and 
	{Ibata}, R.~A. and {Lewis}, G.~F. and {Tanvir}, N.},
    title = "{Distances and metallicities for 17 Local Group galaxies}",
  journal = {\mnras},
   eprint = {astro-ph/0410489},
 keywords = {galaxies: general, Local Group, galaxies: stellar content},
     year = 2005,
    month = jan,
   volume = 356,
    pages = {979-997},
      doi = {10.1111/j.1365-2966.2004.08514.x},
   adsurl = {http://adsabs.harvard.edu/abs/2005MNRAS.356..979M},
  adsnote = {Provided by the SAO/NASA Astrophysics Data System}
}
@ARTICLE{Madau14,
   author = {{Madau}, P. and {Dickinson}, M.},
    title = "{Cosmic Star-Formation History}",
  journal = {\araa},
archivePrefix = "arXiv",
   eprint = {1403.0007},
     year = 2014,
    month = aug,
   volume = 52,
    pages = {415-486},
      doi = {10.1146/annurev-astro-081811-125615},
   adsurl = {http://adsabs.harvard.edu/abs/2014ARA26A..52..415M},
  adsnote = {Provided by the SAO/NASA Astrophysics Data System}
}
@ARTICLE{Aniano11,
   author = {{Aniano}, G. and {Draine}, B.~T. and {Gordon}, K.~D. and {Sandstrom}, K.
	},
    title = "{Common-Resolution Convolution Kernels for Space- and Ground-Based Telescopes}",
  journal = {\pasp},
archivePrefix = "arXiv",
   eprint = {1106.5065},
 keywords = {Data Analysis and Techniques},
     year = 2011,
    month = oct,
   volume = 123,
    pages = {1218-1236},
      doi = {10.1086/662219},
   adsurl = {http://adsabs.harvard.edu/abs/2011PASP..123.1218A},
  adsnote = {Provided by the SAO/NASA Astrophysics Data System}
}

@ARTICLE{Viaene14,
   author = {{Viaene}, S. and {Fritz}, J. and {Baes}, M. and {Bendo}, G.~J. and 
	{Blommaert}, J.~A.~D.~L. and {Boquien}, M. and {Boselli}, A. and 
	{Ciesla}, L. and {Cortese}, L. and {De Looze}, I. and {Gear}, W.~K. and 
	{Gentile}, G. and {Hughes}, T.~M. and {Jarrett}, T. and {Karczewski}, O.~{\L}. and 
	{Smith}, M.~W.~L. and {Spinoglio}, L. and {Tamm}, A. and {Tempel}, E. and 
	{Thilker}, D. and {Verstappen}, J.},
    title = "{The Herschel Exploitation of Local Galaxy Andromeda (HELGA). IV. Dust scaling relations at sub-kpc resolution}",
  journal = {\aap},
archivePrefix = "arXiv",
   eprint = {1403.4272},
 keywords = {galaxies: individual: M 31, galaxies: ISM, infrared: ISM, galaxies: fundamental parameters, dust, extinction, methods: observational},
     year = 2014,
    month = jul,
   volume = 567,
      eid = {A71},
    pages = {A71},
      doi = {10.1051/0004-6361/201423534},
   adsurl = {http://adsabs.harvard.edu/abs/2014A%26A...567A..71V},
  adsnote = {Provided by the SAO/NASA Astrophysics Data System}
}
@ARTICLE{Brewer12,
   author = {{Brewer}, B.~J. and {Dutton}, A.~A. and {Treu}, T. and {Auger}, M.~W. and 
	{Marshall}, P.~J. and {Barnab{\`e}}, M. and {Bolton}, A.~S. and 
	{Koo}, D.~C. and {Koopmans}, L.~V.~E.},
    title = "{The SWELLS survey - III. Disfavouring 'heavy' initial mass functions for spiral lens galaxies}",
  journal = {\mnras},
archivePrefix = "arXiv",
   eprint = {1201.1677},
 keywords = {gravitational lensing: strong, stars: luminosity function, mass function, galaxies: fundamental parameters, galaxies: spiral},
     year = 2012,
    month = jun,
   volume = 422,
    pages = {3574-3590},
      doi = {10.1111/j.1365-2966.2012.20870.x},
   adsurl = {http://adsabs.harvard.edu/abs/2012MNRAS.422.3574B},
  adsnote = {Provided by the SAO/NASA Astrophysics Data System}
}

@ARTICLE{Groves12,
   author = {{Groves}, B. and {Krause}, O. and {Sandstrom}, K. and {Schmiedeke}, A. and 
	{Leroy}, A. and {Linz}, H. and {Kapala}, M. and {Rix}, H.-W. and 
	{Schinnerer}, E. and {Tabatabaei}, F. and {Walter}, F. and {da Cunha}, E.
	},
    title = "{The heating of dust by old stellar populations in the bulge of M31}",
  journal = {\mnras},
archivePrefix = "arXiv",
   eprint = {1206.2925},
 keywords = {galaxies: bulges, galaxies: individual: M31, galaxies: ISM, infrared: galaxies},
     year = 2012,
    month = oct,
   volume = 426,
    pages = {892-902},
      doi = {10.1111/j.1365-2966.2012.21696.x},
   adsurl = {http://adsabs.harvard.edu/abs/2012MNRAS.426..892G},
  adsnote = {Provided by the SAO/NASA Astrophysics Data System}
}
@ARTICLE{Kroupa03,
   author = {{Kroupa}, P. and {Weidner}, C.},
    title = "{Galactic-Field Initial Mass Functions of Massive Stars}",
  journal = {\apj},
   eprint = {astro-ph/0308356},
 keywords = {Galaxies: Evolution, Galaxies: Star Clusters, Galaxies: Stellar Content, Galaxy: Stellar Content, Stars: Formation, Stars: Luminosity Function, Mass Function},
     year = 2003,
    month = dec,
   volume = 598,
    pages = {1076-1078},
      doi = {10.1086/379105},
   adsurl = {http://adsabs.harvard.edu/abs/2003ApJ...598.1076K},
  adsnote = {Provided by the SAO/NASA Astrophysics Data System}
}

@ARTICLE{Miller96,
   author = {{Miller}, A.~S. and {Coe}, M.~J.},
    title = "{Star/galaxy classification using Kohonen self-organizing maps}",
  journal = {\mnras},
 keywords = {METHODS: DATA ANALYSIS, TECHNIQUES: IMAGE PROCESSING, ASTRONOMICAL DATA BASES: MISCELLANEOUS, CATALOGUES, SURVEYS, STARS: GENERAL},
     year = 1996,
    month = mar,
   volume = 279,
    pages = {293-300},
      doi = {10.1093/mnras/279.1.293},
   adsurl = {http://adsabs.harvard.edu/abs/1996MNRAS.279..293M},
  adsnote = {Provided by the SAO/NASA Astrophysics Data System}
}

@ARTICLE{Maehoenen95,
   author = {{Maehoenen}, P.~H. and {Hakala}, P.~J.},
    title = "{Automated Source Classification Using a Kohonen Network}",
  journal = {\apjl},
   eprint = {astro-ph/9508019},
 keywords = {METHODS: DATA ANALYSIS, METHODS: NUMERICAL, TECHNIQUES: IMAGE PROCESSING},
     year = 1995,
    month = oct,
   volume = 452,
    pages = {L77},
      doi = {10.1086/309697},
   adsurl = {http://adsabs.harvard.edu/abs/1995ApJ...452L..77M},
  adsnote = {Provided by the SAO/NASA Astrophysics Data System}
}

@INPROCEEDINGS{Murtagh95,
   author = {{Murtagh}, F.},
    title = "{Unsupervised Catalog Classification}",
booktitle = {Astronomical Data Analysis Software and Systems IV},
     year = 1995,
   series = {Astronomical Society of the Pacific Conference Series},
   volume = 77,
   editor = {{Shaw}, R.~A. and {Payne}, H.~E. and {Hayes}, J.~J.~E.},
    pages = {264},
   adsurl = {http://adsabs.harvard.edu/abs/1995ASPC...77..264M},
  adsnote = {Provided by the SAO/NASA Astrophysics Data System}
}

@ARTICLE{Scaringi09,
   author = {{Scaringi}, S. and {Cottis}, C.~E. and {Knigge}, C. and {Goad}, M.~R.
	},
    title = "{Classifying broad absorption line quasars: metrics, issues and a new catalogue constructed from SDSS DR5}",
  journal = {\mnras},
archivePrefix = "arXiv",
   eprint = {0907.2525},
 keywords = {catalogues , surveys , quasars: absorption lines},
     year = 2009,
    month = nov,
   volume = 399,
    pages = {2231-2238},
      doi = {10.1111/j.1365-2966.2009.15426.x},
   adsurl = {http://adsabs.harvard.edu/abs/2009MNRAS.399.2231S},
  adsnote = {Provided by the SAO/NASA Astrophysics Data System}
}

@ARTICLE{Brett04,
   author = {{Brett}, D.~R. and {West}, R.~G. and {Wheatley}, P.~J.},
    title = "{The automated classification of astronomical light curves using Kohonen self-organizing maps}",
  journal = {\mnras},
   eprint = {astro-ph/0408118},
 keywords = {methods: data analysis, techniques: miscellaneous, astronomical data bases: miscellaneous, surveys, binaries: general, stars: general},
     year = 2004,
    month = sep,
   volume = 353,
    pages = {369-376},
      doi = {10.1111/j.1365-2966.2004.08093.x},
   adsurl = {http://adsabs.harvard.edu/abs/2004MNRAS.353..369B},
  adsnote = {Provided by the SAO/NASA Astrophysics Data System}
}

@ARTICLE{Rajaniemi02,
   author = {{Rajaniemi}, H.~J. and {M{\"a}h{\"o}nen}, P.},
    title = "{Classifying Gamma-Ray Bursts using Self-organizing Maps}",
  journal = {\apj},
 keywords = {Gamma Rays: Bursts, Methods: Analytical, Methods: Data Analysis, Methods: Statistical},
     year = 2002,
    month = feb,
   volume = 566,
    pages = {202-209},
      doi = {10.1086/337959},
   adsurl = {http://adsabs.harvard.edu/abs/2002ApJ...566..202R},
  adsnote = {Provided by the SAO/NASA Astrophysics Data System}
}

@ARTICLE{Balastegui01,
   author = {{Balastegui}, A. and {Ruiz-Lapuente}, P. and {Canal}, R.},
    title = "{Reclassification of gamma-ray bursts}",
  journal = {\mnras},
   eprint = {astro-ph/0108272},
 keywords = {METHODS: DATA ANALYSIS, METHODS: STATISTICAL, GAMMA-RAYS: BURSTS},
     year = 2001,
    month = nov,
   volume = 328,
    pages = {283-290},
      doi = {10.1046/j.1365-8711.2001.04888.x},
   adsurl = {http://adsabs.harvard.edu/abs/2001MNRAS.328..283B},
  adsnote = {Provided by the SAO/NASA Astrophysics Data System}
}

@ARTICLE{Andreon00,
   author = {{Andreon}, S. and {Gargiulo}, G. and {Longo}, G. and {Tagliaferri}, R. and 
	{Capuano}, N.},
    title = "{Wide field imaging - I. Applications of neural networks to object detection and star/galaxy classification}",
  journal = {\mnras},
   eprint = {astro-ph/0006115},
 keywords = {METHODS: DATA ANALYSIS, TECHNIQUES: IMAGE PROCESSING, CATALOGUES},
     year = 2000,
    month = dec,
   volume = 319,
    pages = {700-716},
      doi = {10.1046/j.1365-8711.2000.03700.x},
   adsurl = {http://adsabs.harvard.edu/abs/2000MNRAS.319..700A},
  adsnote = {Provided by the SAO/NASA Astrophysics Data System}
}

@ARTICLE{Hernandez94,
   author = {{Hernandez-Pajares}, M. and {Floris}, J.},
    title = "{Classification of the HIPPARCOS Input Catalogue Using the Kohonen Network}",
  journal = {\mnras},
 keywords = {methods: data analysis - catalogues - stars: fundamental parameters - solar neighbourhood},
     year = 1994,
    month = may,
   volume = 268,
    pages = {444},
      doi = {10.1093/mnras/268.2.444},
   adsurl = {http://adsabs.harvard.edu/abs/1994MNRAS.268..444H},
  adsnote = {Provided by the SAO/NASA Astrophysics Data System}
}

@ARTICLE{In12,
   author = {{in der Au}, A. and {Meusinger}, H. and {Schalldach}, P.~F. and 
	{Newholm}, M.},
    title = "{ASPECT: A spectra clustering tool for exploration of large spectral surveys}",
  journal = {\aap},
archivePrefix = "arXiv",
   eprint = {1209.3615},
 primaryClass = "astro-ph.IM",
 keywords = {methods: data analysis, surveys, white dwarfs, stars: carbon, quasars: general},
     year = 2012,
    month = nov,
   volume = 547,
      eid = {A115},
    pages = {A115},
      doi = {10.1051/0004-6361/201219958},
   adsurl = {http://adsabs.harvard.edu/abs/2012A%26A...547A.115I},
  adsnote = {Provided by the SAO/NASA Astrophysics Data System}
}
@ARTICLE{Meusinger16,
   author = {{Meusinger}, H. and {Schalldach}, P. and {Mirhosseini}, A. and 
	{Pertermann}, F.},
    title = "{Broad-band spectral energy distribution of 3000 {\AA} break quasars from the Sloan Digital Sky Survey}",
  journal = {\aap},
archivePrefix = "arXiv",
   eprint = {1601.00544},
 keywords = {quasars: general, quasars: absorption lines},
     year = 2016,
    month = mar,
   volume = 587,
      eid = {A83},
    pages = {A83},
      doi = {10.1051/0004-6361/201527277},
   adsurl = {http://adsabs.harvard.edu/abs/2016A%26A...587A..83M},
  adsnote = {Provided by the SAO/NASA Astrophysics Data System}
}

@ARTICLE{Meusinger14,
   author = {{Meusinger}, H. and {Balafkan}, N.},
    title = "{A large sample of Kohonen-selected SDSS quasars with weak emission lines: selection effects and statistical properties}",
  journal = {\aap},
archivePrefix = "arXiv",
   eprint = {1407.0193},
 keywords = {quasars: general, quasars: emission lines},
     year = 2014,
    month = aug,
   volume = 568,
      eid = {A114},
    pages = {A114},
      doi = {10.1051/0004-6361/201423810},
   adsurl = {http://adsabs.harvard.edu/abs/2014A%26A...568A.114M},
  adsnote = {Provided by the SAO/NASA Astrophysics Data System}
}
@ARTICLE{Fustes13,
   author = {{Fustes}, D. and {Manteiga}, M. and {Dafonte}, C. and {Arcay}, B. and 
	{Ulla}, A. and {Smith}, K. and {Borrachero}, R. and {Sordo}, R.
	},
    title = "{An approach to the analysis of SDSS spectroscopic outliers based on self-organizing maps. Designing the outlier analysis software package for the next Gaia survey}",
  journal = {\aap},
 keywords = {Galaxy: general, methods: data analysis, methods: statistical, methods: miscellaneous},
     year = 2013,
    month = nov,
   volume = 559,
      eid = {A7},
    pages = {A7},
      doi = {10.1051/0004-6361/201321445},
   adsurl = {http://adsabs.harvard.edu/abs/2013A%26A...559A...7F},
  adsnote = {Provided by the SAO/NASA Astrophysics Data System}
}
@ARTICLE{Odewahn92,
   author = {{Odewahn}, S.~C. and {Stockwell}, E.~B. and {Pennington}, R.~L. and 
	{Humphreys}, R.~M. and {Zumach}, W.~A.},
    title = "{Automated star/galaxy discrimination with neural networks}",
  journal = {\aj},
 keywords = {Astrometry, Astronomical Catalogs, Galaxies, Neural Nets, Sky Surveys (Astronomy), Star Distribution, Classifying, Image Analysis, Optical Scanners},
     year = 1992,
    month = jan,
   volume = 103,
    pages = {318-331},
      doi = {10.1086/116063},
   adsurl = {http://adsabs.harvard.edu/abs/1992AJ....103..318O},
  adsnote = {Provided by the SAO/NASA Astrophysics Data System}
}
@ARTICLE{Kinney93,
   author = {{Kinney}, A.~L. and {Bohlin}, R.~C. and {Calzetti}, D. and {Panagia}, N. and 
	{Wyse}, R.~F.~G.},
    title = "{An atlas of ultraviolet spectra of star-forming galaxies}",
  journal = {\apjs},
 keywords = {Astronomical Catalogs, Galactic Nuclei, Seyfert Galaxies, Spectral Energy Distribution, Starburst Galaxies, Ultraviolet Spectra, Interstellar Extinction, Irregular Galaxies, Iue, Milky Way Galaxy, Oao, Spiral Galaxies},
     year = 1993,
    month = may,
   volume = 86,
    pages = {5-93},
      doi = {10.1086/191771},
   adsurl = {http://adsabs.harvard.edu/abs/1993ApJS...86....5K},
  adsnote = {Provided by the SAO/NASA Astrophysics Data System}
}
@ARTICLE{Bershady00,
   author = {{Bershady}, M.~A. and {Jangren}, A. and {Conselice}, C.~J.},
    title = "{Structural and Photometric Classification of Galaxies. I. Calibration Based on a Nearby Galaxy Sample}",
  journal = {\aj},
   eprint = {astro-ph/0002262},
 keywords = {Galaxies: Compact, Galaxies: Fundamental Parameters, Galaxies: Starburst},
     year = 2000,
    month = jun,
   volume = 119,
    pages = {2645-2663},
      doi = {10.1086/301386},
   adsurl = {http://adsabs.harvard.edu/abs/2000AJ....119.2645B},
  adsnote = {Provided by the SAO/NASA Astrophysics Data System}
}
@ARTICLE{Allen13,
   author = {{Allen}, J.~T. and {Hewett}, P.~C. and {Richardson}, C.~T. and 
	{Ferland}, G.~J. and {Baldwin}, J.~A.},
    title = "{Classification and analysis of emission-line galaxies using mean field independent component analysis}",
  journal = {\mnras},
archivePrefix = "arXiv",
   eprint = {1301.5930},
 keywords = {methods: data analysis, galaxies: active, galaxies: evolution, galaxies: nuclei, galaxies: star formation, galaxies: statistics},
     year = 2013,
    month = apr,
   volume = 430,
    pages = {3510-3536},
      doi = {10.1093/mnras/stt151},
   adsurl = {http://adsabs.harvard.edu/abs/2013MNRAS.430.3510A},
  adsnote = {Provided by the SAO/NASA Astrophysics Data System}
}

@ARTICLE{Shi15,
   author = {{Shi}, F. and {Liu}, Y.-Y. and {Sun}, G.-L. and {Li}, P.-Y. and 
	{Lei}, Y.-M. and {Wang}, J.},
    title = "{A support vector machine for spectral classification of emission-line galaxies from the Sloan Digital Sky Survey}",
  journal = {\mnras},
 keywords = {methods: data analysis, galaxies: abundances, galaxies: starburst, galaxies: star formation},
     year = 2015,
    month = oct,
   volume = 453,
    pages = {122-127},
      doi = {10.1093/mnras/stv1617},
   adsurl = {http://adsabs.harvard.edu/abs/2015MNRAS.453..122S},
  adsnote = {Provided by the SAO/NASA Astrophysics Data System}
}
@ARTICLE{Ordov14,
   author = {{Ordov{\'a}s-Pascual}, I. and {S{\'a}nchez Almeida}, J.},
    title = "{A fast version of the k-means classification algorithm for astronomical applications}",
  journal = {\aaj},
archivePrefix = "arXiv",
   eprint = {1404.3097},
 primaryClass = "astro-ph.IM",
 keywords = {astronomical databases: miscellaneous, methods: data analysis, methods: statistical},
     year = 2014,
    month = may,
   volume = 565,
      eid = {A53},
    pages = {A53},
      doi = {10.1051/0004-6361/201423806},
   adsurl = {http://adsabs.harvard.edu/abs/2014A%26A...565A..53O},
  adsnote = {Provided by the SAO/NASA Astrophysics Data System}
}
@ARTICLE{Abazajian09,
   author = {{Abazajian}, K.~N. and {Adelman-McCarthy}, J.~K. and {Ag{\"u}eros}, M.~A. and 
	{Allam}, S.~S. and {Allende Prieto}, C. and {An}, D. and {Anderson}, K.~S.~J. and 
	{Anderson}, S.~F. and {Annis}, J. and {Bahcall}, N.~A. and et al.},
    title = "{The Seventh Data Release of the Sloan Digital Sky Survey}",
  journal = {\apjs},
archivePrefix = "arXiv",
   eprint = {0812.0649},
 keywords = {atlases, catalogs, surveys},
     year = 2009,
    month = jun,
   volume = 182,
      eid = {543-558},
    pages = {543-558},
      doi = {10.1088/0067-0049/182/2/543},
   adsurl = {http://adsabs.harvard.edu/abs/2009ApJS..182..543A},
  adsnote = {Provided by the SAO/NASA Astrophysics Data System}
}
@ARTICLE{Dale07,
   author = {{Dale}, D.~A. and {Gil de Paz}, A. and {Gordon}, K.~D. and {Hanson}, H.~M. and 
	{Armus}, L. and {Bendo}, G.~J. and {Bianchi}, L. and {Block}, M. and 
	{Boissier}, S. and et al.},
    title = "{An Ultraviolet-to-Radio Broadband Spectral Atlas of Nearby Galaxies}",
  journal = {\apj},
   eprint = {astro-ph/0610688},
 keywords = {Galaxies: Photometry, Infrared: Galaxies, Infrared: ISM, Ultraviolet: Galaxies},
     year = 2007,
    month = feb,
   volume = 655,
    pages = {863-884},
      doi = {10.1086/510362},
   adsurl = {http://adsabs.harvard.edu/abs/2007ApJ...655..863D},
  adsnote = {Provided by the SAO/NASA Astrophysics Data System}
}

@ARTICLE{Mannucci01,
   author = {{Mannucci}, F. and {Basile}, F. and {Poggianti}, B.~M. and {Cimatti}, A. and 
	{Daddi}, E. and {Pozzetti}, L. and {Vanzi}, L.},
    title = "{Near-infrared template spectra of normal galaxies: k-corrections, galaxy models and stellar populations}",
  journal = {\mnras},
   eprint = {astro-ph/0104427},
 keywords = {GALAXIES: ELLIPTICAL AND LENTICULAR, CD, GALAXIES: EVOLUTION, GALAXIES: PHOTOMETRY, GALAXIES: SPIRAL, GALAXIES: STELLAR CONTENT, INFRARED: GALAXIES},
     year = 2001,
    month = sep,
   volume = 326,
    pages = {745-758},
      doi = {10.1046/j.1365-8711.2001.04628.x},
   adsurl = {http://adsabs.harvard.edu/abs/2001MNRAS.326..745M},
  adsnote = {Provided by the SAO/NASA Astrophysics Data System}
}
@ARTICLE{Gulati97,
   author = {{Gulati}, R. and {Gupta}, R. and {Singh}, H.},
    title = "{E(BV) Determinations of O and B Stars Using Artificial Neural Networks}",
  journal = {\pasp},
 keywords = {DATA ANALYSIS},
     year = 1997,
    month = jul,
   volume = 109,
    pages = {843-847},
      doi = {10.1086/133953},
   adsurl = {http://adsabs.harvard.edu/abs/1997PASP..109..843G},
  adsnote = {Provided by the SAO/NASA Astrophysics Data System}
}

@ARTICLE{Shakouri16,
   author = {{Shakouri}, S. and {Johnston-Hollitt}, M. and {Dehghan}, S.},
    title = "{An optical analysis of the merging cluster Abell 3888}",
  journal = {\mnras},
archivePrefix = "arXiv",
   eprint = {1602.03756},
 keywords = {galaxies: clusters: general, galaxies: clusters: individual: A3888, galaxies: distances and redshifts},
     year = 2016,
    month = may,
   volume = 458,
    pages = {3083-3098},
      doi = {10.1093/mnras/stw358},
   adsurl = {http://adsabs.harvard.edu/abs/2016MNRAS.458.3083S},
  adsnote = {Provided by the SAO/NASA Astrophysics Data System}
}

@ARTICLE{Paiano16,
   author = {{Paiano}, S. and {Landoni}, M. and {Falomo}, R. and {Scarpa}, R. and 
	{Treves}, A.},
    title = "{On the redshift of the very high-energy gamma-ray BL Lac object S2 0109+22}",
  journal = {\mnras},
archivePrefix = "arXiv",
   eprint = {1602.08703},
 keywords = {BL Lacertae objects: individual, galaxies: distances and redshifts},
     year = 2016,
    month = may,
   volume = 458,
    pages = {2836-2839},
      doi = {10.1093/mnras/stw472},
   adsurl = {http://adsabs.harvard.edu/abs/2016MNRAS.458.2836P},
  adsnote = {Provided by the SAO/NASA Astrophysics Data System}
}

@ARTICLE{Laporte16,
   author = {{Laporte}, N. and {Infante}, L. and {Troncoso Iribarren}, P. and {Zheng}, W. and {Molino}, A. and {et al.}},
    title = "{Young Galaxy Candidates in the Hubble Frontier Fields. III. MACS{\nbsp}J0717.5+3745}",
  journal = {\apj},
archivePrefix = "arXiv",
   eprint = {1602.02775},
 keywords = {cosmology: observations, galaxies: clusters: individual: MACS J0717.5+3745, galaxies: high-redshift, gravitational lensing: strong},
     year = 2016,
    month = apr,
   volume = 820,
      eid = {98},
    pages = {98},
      doi = {10.3847/0004-637X/820/2/98},
   adsurl = {http://adsabs.harvard.edu/abs/2016ApJ...820...98L},
  adsnote = {Provided by the SAO/NASA Astrophysics Data System}
}

@ARTICLE{Holden16,
   author = {{Holden}, B.~P. and {Oesch}, P.~A. and {Gonz{\'a}lez}, V.~G. and 
	{Illingworth}, G.~D. and {Labb{\'e}}, I. and {Bouwens}, R. and 
	{Franx}, M. and {van Dokkum}, P. and {Spitler}, L.},
    title = "{Rest-frame Optical Emission Lines in z {\tilde} 3.5 Lyman-break-selected Galaxies: The Ubiquity of Unusually High [OIII]/H{$\beta$} Ratios at 2 Gyr}",
  journal = {\apj},
archivePrefix = "arXiv",
   eprint = {1401.5490},
 keywords = {galaxies: evolution, galaxies: high-redshift, galaxies: star formation, techniques: spectroscopic},
     year = 2016,
    month = mar,
   volume = 820,
      eid = {73},
    pages = {73},
      doi = {10.3847/0004-637X/820/1/73},
   adsurl = {http://adsabs.harvard.edu/abs/2016ApJ...820...73H},
  adsnote = {Provided by the SAO/NASA Astrophysics Data System}
}
@ARTICLE{Ellison16a,
   author = {{Ellison}, S.~L. and {Teimoorinia}, H. and {Rosario}, D.~J. and 
	{Mendel}, J.~T.},
    title = "{The infrared luminosities of {\tilde}332 000 SDSS galaxies predicted from artificial neural networks and the Herschel Stripe 82 survey}",
  journal = {\mnras},
archivePrefix = "arXiv",
   eprint = {1509.09004},
 keywords = {methods: data analysis, methods: numerical, galaxies: active, galaxies: fundamental parameters, galaxies: statistics, infrared: galaxies},
     year = 2016,
    month = jan,
   volume = 455,
    pages = {370-385},
      doi = {10.1093/mnras/stv2275},
   adsurl = {http://adsabs.harvard.edu/abs/2016MNRAS.455..370E},
  adsnote = {Provided by the SAO/NASA Astrophysics Data System}
}
@ARTICLE{Ellison16b,
   author = {{Ellison}, S.~L. and {Teimoorinia}, H. and {Rosario}, D.~J. and 
	{Mendel}, J.~T.},
    title = "{The star formation rates of active galactic nuclei host galaxies}",
  journal = {\mnras},
archivePrefix = "arXiv",
   eprint = {1601.03349},
 keywords = {galaxies: active, galaxies: interactions, galaxies: Seyfert},
     year = 2016,
    month = may,
   volume = 458,
    pages = {L34-L38},
      doi = {10.1093/mnrasl/slw012},
   adsurl = {http://adsabs.harvard.edu/abs/2016MNRAS.458L..34E},
  adsnote = {Provided by the SAO/NASA Astrophysics Data System}
}

@ARTICLE{Hossein16,
   author = {{Teimoorinia}, H. and {Bluck}, A.~F.~L. and {Ellison}, S.~L.
	},
    title = "{An artificial neural network approach for ranking quenching parameters in central galaxies}",
  journal = {\mnras},
archivePrefix = "arXiv",
   eprint = {1601.01258},
 keywords = {methods: data analysis, galaxies: active, galaxies: evolution, galaxies: formation, galaxies: star formation, galaxies: statistics},
     year = 2016,
    month = apr,
   volume = 457,
    pages = {2086-2106},
      doi = {10.1093/mnras/stw036},
   adsurl = {http://adsabs.harvard.edu/abs/2016MNRAS.457.2086T},
  adsnote = {Provided by the SAO/NASA Astrophysics Data System}
}

